3016 4846
490 243 925 310 mmmmmm
1229 245 1290 310 m

121 402 185 463 iam
209 421 277 464 esse
299 399 334 463 in
360 408 551 484 perpetuum
579 397 663 461 ratio
690 396 881 462 iudiciorum
903 396 1079 461 videbatur.
1125 397 1294 463 Occiderat

16 527 17 530 =
122 484 282 569 Sulpicius
309 484 368 548 illo
399 505 485 547 anno
520 487 648 566 tresque
698 483 822 546 roximo
848 482 947 545 trium
974 485 1115 546 aetatum
1148 486 1292 547 oratores

122 573 214 633 erant
235 568 451 634 crudelissime
472 567 647 647 interfecti,
671 505 708 642 ὃ
727 566 860 632 Catulus
882 565 928 629 M.
946 569 1106 632 Antonius
1128 565 1165 632 O.
1181 566 1291 631 Iulius.

121 654 245 720 Eodem
267 675 353 718 anno
377 653 473 717 etiam
495 652 619 717 Moloni
641 651 769 716 Rhodio
791 651 911 715 Romae
934 651 1079 716 dedimus
1107 673 1239 737 operam
1262 655 1294 715 et

97 739 223 804 sectori
245 760 369 803 summo
392 759 560 836 causarum
582 741 615 801 et
637 737 814 833 magistro·
847 735 937 833 Haec
965 738 1022 802 etsi
1052 736 1202 800 ridentur
1224 758 1292 800 esee
1306 735 1354 801 90

121 827 328 973 bittit
350 825 477 973 tiit
499 820 1292 992 triumuiriususuiuus

15 1057 16 1060 ,
122 994 214 1078 (nam
236 993 348 1057 Attico
376 993 455 1056 haec
482 995 560 1056 nota
586 991 675 1077 eunt)
704 995 737 1055 et
764 991 871 1056 videre
897 991 1164 1074 quemadmodum
1192 993 1292 1054 simus

15 1143 16 1146 ,
122 1080 158 1142 in
180 1078 284 1162 spatio
307 1076 344 1153 Q.
367 1076 576 1142 Hortensium
600 1077 701 1160 ipsius
725 1076 870 1160 vestigiis
892 1076 1063 1159 persecuti.
1105 1075 1293 1140 Triennium
1310 1087 1361 1137 308

84 1181 108 1219 1⁰
123 1163 191 1226 fere
213 1163 277 1226 fuit
297 1163 373 1226 urbs
396 1161 466 1226 sine
488 1161 601 1245 armis3
630 1160 684 1224 sed
714 1165 877 1225 oratorum
904 1165 960 1225 aut
985 1160 1120 1225 interitu
1147 1165 1205 1226 aut
1231 1160 1295 1224 dis·
1335 1220 1341 1234 ,

15 1299 16 1308 ,
125 1268 216 1312 cessu
243 1250 298 1310 ant
324 1247 404 1332 fuga
439 1254 529 1328 (nam
556 1246 691 1310 aberant
718 1247 815 1310 etiam
843 1245 1063 1310 adulescentes
1092 1244 1137 1309 M.
1161 1244 1296 1310 Crassus
1345 1241 1347 1246 ’

125 1335 157 1396 et
178 1331 307 1396 Lentuli
330 1330 405 1411 dno)
428 1332 547 1416 primas
569 1331 604 1396 in
627 1331 730 1396 causis
745 1330 862 1415 agebat
880 1329 1082 1407 Hortensius,
1104 1330 1209 1414 magis
1232 1351 1296 1394 ma-

125 1413 238 1500 gisque
262 1416 379 1480 cotidie
400 1416 599 1500 probabatur
613 1416 793 1496 Antistius,
816 1414 890 1479 Piso
913 1436 1008 1498 saepe
1031 1414 1168 1499 dicebat,
1191 1415 1297 1480 minue

125 1524 220 1585 saepo
247 1500 462 1586 Pomponius,
496 1521 569 1566 raro
598 1499 719 1580 Carbo,
755 1500 854 1564 semel
887 1503 943 1564 aut
972 1502 1088 1564 iterum
1114 1499 1297 1585 Philippus.

86 1589 171 1649 1⁵At
198 1607 275 1650 vero
304 1607 365 1669 ego
394 1585 456 1650 lroc
484 1588 627 1669 tempore
655 1584 743 1648 omni
775 1587 888 1649 noctes
921 1589 954 1649 et
986 1584 1053 1647 dies
1085 1585 1120 1648 in
1154 1586 1299 1649 omnium

124 1672 341 1735 doctrinarum
363 1670 574 1735 meditatione
596 1671 755 1734 versabar.
796 1668 894 1733 Eram
917 1691 988 1734 cum
1012 1668 1121 1734 Stoico
1143 1668 1294 1750 Diodoto,
1310 1679 1361 1728 309

123 1756 178 1904 qui
202 1777 273 1821 cum
296 1755 507 1819 habitavisset
535 1754 619 1839 apud
647 1777 698 1819 me
727 1775 914 1837 mecumque
939 1753 1088 1838 vixisset,
1118 1775 1223 1837 nuper
1251 1755 1299 1817 est

146 1841 213 1905 omi
240 1861 330 1904 meae
359 1843 512 1905 mortuns.
557 1842 586 1903 A
615 1861 678 1923 quo
708 1861 780 1904 cum
807 1839 842 1902 in
868 1838 940 1903 aliis
967 1840 1063 1903 rebus
1088 1840 1157 1902 tum
1179 1838 1298 1903 studio-

125 1924 250 1988 sissime
271 1926 307 1988 in
329 1923 496 1989 dialectica
511 1925 693 2007 exercebar,
716 1944 798 2007 quae
820 1923 911 2007 quasi
926 1926 1094 1988 contracta
1115 1926 1148 1987 et
1167 1924 1300 1988 astricta

86 2026 112 2066 2⁰
125 2008 308 2092 eloquentia
329 2008 473 2092 putanda
495 2011 559 2090 eet3
589 2011 658 2072 sine
687 2030 751 2092 qua
773 2009 870 2072 etiam
892 2011 941 2088 tu,
972 2008 1089 2084 Brute,
1120 2007 1299 2072 iudicavisti

16 2155 17 2158 ,
124 2099 157 2157 te
178 2094 267 2158 illam
289 2095 405 2158 iustam
429 2093 665 2178 eloquentiam,
681 2115 789 2178 quam
812 2092 1013 2157 dialecticam
1036 2113 1105 2157 esse
1128 2092 1296 2156 dilatatam

124 2181 255 2262 putant,
284 2180 436 2262 consequi
458 2200 525 2243 non
547 2200 650 2262 posse.
694 2177 780 2242 Huic
802 2198 862 2263 ego
885 2177 1007 2242 doctori
1031 2182 1063 2242 et
1085 2177 1152 2242 eine
1174 2176 1297 2242 artibus

125 2264 221 2328 variis
244 2267 340 2347 atque
362 2265 471 2328 multis
494 2264 540 2328 ita
562 2284 648 2327 eram
671 2267 781 2327 tamen
796 2262 932 2344 deditus,
955 2266 992 2327 ut
1005 2263 1046 2326 ab
1065 2262 1297 2327 exercitationi·

125 2350 184 2414 bus
207 2349 355 2412 oratoriis
376 2349 485 2414 nullus
507 2349 575 2412 dies
597 2369 716 2413 vacuus
739 2351 834 2413 esset.
880 2347 1127 2412 Oommentabar
1149 2346 1299 2411 declami·
1314 2355 1366 2404 310

160 2556 185 2606 2.
204 2551 333 2618 procimo
349 2551 389 2603 im
407 2551 432 2606 J.
445 2557 486 2606 87.
772 2556 813 2604 17.
830 2567 851 2604 a
892 2565 922 2603 er
937 2547 977 2602 im
988 2549 1014 2606 J.
1027 2555 1069 2613 59,
1087 2548 1147 2603 also
1165 2563 1216 2602 vor
1228 2548 1299 2602 drei-

159 2619 246 2672 trima
271 2624 395 2673 umatum
420 2619 545 2674 insofern
571 2617 687 2673 Catulus
738 2617 847 2672 aeth
902 2633 938 2671 en
960 2618 1023 2686 (wie
1045 2616 1126 2672 Tusa.
1147 2616 1173 2672 V
1195 2623 1228 2670 22
1250 2633 1301 2671 vor

126 2685 199 2739 noch
215 2686 296 2740 mehr
319 2685 370 2741 der
391 2686 501 2740 tlteren
519 2687 580 2742 Zeit
602 2703 687 2755 auge·
739 2686 820 2741 eeohs
837 2685 963 2750 Jahren).

125 2753 221 2816 hirto,
239 2754 377 2808 Antonino
395 2753 446 2808 der
462 2754 608 2809 mittleren
629 2755 688 2808 und
775 2760 815 2808 19.
842 2753 875 2806 ia
897 2753 1045 2808 dialectica
1068 2757 1125 2809 153.
1160 2757 1302 2808 contracta

127 2820 157 2876 Ο.
176 2820 265 2874 Iulius
282 2820 333 2875 der
350 2838 483 2876 neueren.
742 2827 799 2879 120.

158 2895 183 2943 4.
215 2889 320 2944 Eodem
348 2926 382 2934 -
408 2890 540 2958 mapietro
572 2889 690 2944 streicht
775 2895 817 2946 20.
839 2888 1004 2943 iudicavisti
1020 2887 1207 2942 thatstoblich
1228 2888 1300 2942 eben

126 2957 204 3011 Bake
217 2957 293 3011 wohl
305 2958 358 3011 mit
368 2957 469 3024 Recht,
484 2957 549 3010 weil
561 2964 610 3012 3¹2
630 2957 689 3010 und
740 2955 878 3020 daduroh,
901 2956 963 3009 dass
985 2955 1022 3010 du
1046 2973 1094 3009 um
1120 2955 1171 3008 der
1193 2954 1300 3009 Bered-

125 3031 175 3079 316
200 3041 230 3078 eo
253 3041 309 3080 von
330 3025 390 3078 mm
412 3024 587 3094 gesprochcn
608 3024 687 3092 wind,
740 3023 862 3078 samlreit
873 3023 967 3077 willen
976 3021 1042 3076 dich
1051 3023 1101 3076 der
1110 3022 1222 3076 Philoso
1244 3023 1300 3088 bie,

126 3093 168 3146 als
186 3093 227 3147 sei
245 3109 276 3146 er
292 3093 366 3147 noch
384 3092 462 3146 nicht
480 3093 615 3146 erwthnt
739 3090 892 3145 besonderr
910 3091 961 3144 der
978 3089 1123 3144 Dialektik
1147 3089 1210 3156 (der
1224 3040 1300 3145 tioi-

159 3166 184 3215 6.
295 3162 348 3215 sito
372 3163 413 3229 (so
432 3158 478 3214 die
496 3159 613 3217 Hdschr.
631 3159 689 3213 und
739 3158 802 3224 ker)
821 3159 976 3226 gewrdmet
992 3157 1064 3214 hast.

128 3228 174 3282 die
193 3228 237 3284 ed.
284 3231 335 3308 qr.)
353 3234 396 3291 82,
418 3228 464 3284 Or
480 3233 536 3290 138,
555 3229 614 3297 top.
627 3234 669 3282 ⁸19.
774 3234 816 3284 21.
841 3226 991 3306 dilatatam
1009 3226 1055 3278 Or.
1071 3231 1127 3304 lle.

161 3302 185 3416 tt
202 3311 342 3431 titii
357 3297 688 3443 utititas„
739 3294 1126 3440 munburdum
1139 3294 1301 3440 “sttui

127 3429 283 3506 Lauibahn.
314 3430 373 3490 cat.
396 3449 462 3486 mar.
486 3438 519 3487 83
542 3447 594 3486 neo
620 3447 688 3486 vero
739 3430 880 3550 qebrldet³
904 3446 968 3506 war·
981 3431 1063 3481 anter
1081 3428 1206 3483 anderen
1223 3429 1301 3484 nicht

128 3497 214 3551 velim
232 3498 312 3564 quasi
330 3499 447 3554 decurso
465 3499 558 3569 spatio
576 3500 613 3554 ad
626 3516 688 3554 car·
760 3497 814 3552 lois
847 3496 1036 3564 Dialelrtrlrer‚
1073 3497 1194 3551 sondern
1229 3497 1301 3551 auch

128 3580 206 3619 ceres
233 3582 251 3620 a
279 3565 354 3620 calce
381 3568 515 3622 revocari.
555 3566 629 3623 Lael.
655 3573 689 3621 40
740 3565 865 3619 Musilrer
883 3565 941 3618 und
958 3563 1188 3619 Mathematilrer;

127 3631 249 3687 Deflexit
257 3633 315 3687 iam
328 3634 534 3703 aliquantulum
547 3634 688 3703 despatio
775 3639 816 3688 24.
836 3632 1045 3687 Commentubur
1057 3632 1238 3688 declamitaue
1250 3632 1301 3686 Be·

127 3701 321 3768 curriculoque
344 3704 516 3758 oonruetudo
540 3704 688 3756 maiorum,
740 3702 804 3756 huis
826 3699 1002 3770 praktieoher
1020 3699 1230 3768 Vorbereitung
1254 3700 1305 3754 anf

162 3773 188 3835 2)
207 3769 457 3826 Bliiteaeitdee
470 3769 689 3826 Hortensius.
741 3770 792 3824 das
813 3768 946 3836 lriinftige
969 3767 1130 3822 dffeutliche
1154 3768 1303 3821 Auftreten

127 3836 293 3916 (Weitere
310 3838 531 3907 Ausbildung
549 3836 689 3892 Ciceros
740 3837 813 3890 hielt
852 3835 949 3891 Cicero
996 3836 1049 3889 rnit
1094 3835 1301 3904 gleichgesinn-

127 3923 161 3958 1n
183 3905 263 3960 Rom
287 3907 353 3960 und
376 3907 463 3960 nach
484 3905 612 3960 eeinem
635 3921 689 3958 er·
740 3911 789 3957 ten
832 3903 1065 3973 Alteregenoeren
1105 3901 1302 3955 miindliche

128 3975 202 4026 ntea
241 3974 429 4028 Auftreten
469 3973 523 4027 die
563 3972 690 4027 beiden
741 3960 840 4026 l'lbun
871 3974 1057 4040 evortr'age
1079 3976 1124 4032 87,
1143 3977 1191 4024 301
1207 3969 1226 4021 f.
1267 3969 1303 4022 ad

129 4039 382 4108 Wunderjahre
426 4041 471 4094 im
515 4040 690 4106 Ausland.)
741 4040 819 4093 Fam.
861 4039 1011 4104 V121‚5f.
1041 4036 1302 4092 Praetereadeola-

127 4113 272 4162 308-317.
743 4107 842 4162 mitare
870 4106 977 4161 Graece
1007 4105 1083 4174 apud
1109 4104 1235 4159 Cassium
1261 4104 1303 4157 in·

161 4177 315 4230 tricinium
332 4175 481 4230 innerbalb
500 4176 550 4230 der
558 4175 644 4230 Jabre
657 4182 690 4231 86
742 4176 822 4229 stitui
832 4205 863 4232 -,-
876 4175 916 4230 De
926 4173 1032 4242 Gorgia
1044 4173 1140 4227 autem
1149 4172 1226 4241 qnod
1235 4171 1305 4224 mihi

129 4241 174 4297 bis
192 4249 225 4298 84
242 4260 268 4297 v.
282 4244 330 4301 ch.
743 4243 854 4308 scribis,
884 4245 946 4297 erat
968 4241 1081 4310 quidem
1107 4239 1156 4294 ille
1182 4240 1211 4293 in
1236 4239 1303 4294 coti·

165 4318 204 4364 12.
226 4312 333 4378 primae
351 4327 388 4366 sc.
405 4313 501 4381 partes
519 4317 577 4370 242.
743 4311 829 4365 diana
843 4308 1049 4365 declamatione
1062 4306 1149 4365 utilis.
1168 4307 1249 4362 Tueo.
1261 4307 1303 4362 1⁷
