3016 4846
606 241 751 298 Beudos
769 249 811 311 ec,
824 249 883 299 aar.
1270 247 1332 312 155

159 397 275 463 Crasso
291 397 363 461 vivo
384 395 488 461 dicere
511 396 635 461 solebat
656 401 689 460 et
710 398 814 482 magis
836 397 901 461 iam
924 397 1022 462 etiam
1036 397 1167 482 vigebat
1183 399 1329 464 Antonio
1440 457 1445 477 ,

159 486 192 546 et
219 503 291 548 cum
314 482 463 565 Philippo
492 481 555 545 iam
584 503 659 546 sene
688 503 747 565 pro
775 482 835 548 On.
859 481 1006 566 Pompeii
1034 482 1127 570 bonis
1157 482 1266 548 dicens
1295 485 1330 548 in
1352 491 1426 558 een-'¹

157 565 214 631 illa
239 588 350 649 eausa,
380 567 566 632 adulescens
594 588 667 631 oum
695 569 793 649 esset,
822 567 972 651 princeps
998 567 1064 632 fuit
1091 569 1124 632 e't
1151 567 1186 632 in
1208 589 1329 649 eorum,

158 673 236 736 qnos
265 653 300 717 in
327 651 461 736 Sulpicii
489 655 595 716 aetate
621 651 728 736 posui,
760 673 930 715 numerum
957 651 1053 716 facile
1104 658 1270 718 erveuerat
1297 660 1330 718 et

129 759 229 801 csuos
262 737 347 800 inter
380 738 528 820 aequales
561 737 604 801 M.
634 735 784 800 Pisonem
817 735 861 800 M.
886 735 1035 801 Crassum
1097 759 1129 802 n.
1155 737 1329 802 Lentulum

155 820 190 886 P.
207 822 378 886 Lentulum
396 820 511 886 Suram
532 821 630 906 longe
650 822 814 905 praestitit
829 826 862 886 et
883 843 934 886 me
955 821 1192 886 adulescentem
1215 827 1329 888 nactus
1347 819 1462 877 §mara

154 912 226 971 octo
255 907 349 970 annis
379 907 535 971 minorem
563 927 659 990 quam
673 908 756 971 'erat
783 907 852 989 ipse
880 906 1001 971 multos
1029 927 1130 970 annos
1159 907 1194 970 in
1221 907 1328 972 studio

156 991 298 1055 eiusdem
321 989 425 1055 laudis
447 992 591 1056 exercuit
612 995 645 1055 et
666 993 773 1056 tecum
796 991 906 1070 simul,
934 991 1020 1055 siout
1042 1012 1102 1074 ego
1124 1012 1183 1075 pro
1207 993 1328 1075 multis,

154 1078 201 1140 sic
222 1075 277 1139 ille
300 1097 358 1158 pro
384 1077 489 1160 Appio
512 1075 646 1142 Claudio
669 1075 751 1141 dixit
773 1076 869 1159 paulo
892 1080 968 1140 ante
990 1081 1138 1140 mortem.

114 1183 141 1225 ro
239 1159 338 1226 Vides
361 1160 469 1245 igitur,
493 1165 530 1225 ut
543 1163 583 1226 ad
599 1164 632 1225 te
648 1164 823 1241 oratorem,
845 1160 954 1240 Brute,
978 1162 1217 1244 pervenerimus
1239 1164 1308 1225 tam
1322 1161 1428 1227 65231

154 1245 264 1310 multis
288 1245 373 1309 iuter
394 1249 542 1310 nostrum
564 1250 718 1329 tuumque
740 1245 1017 1310 initium>dieendi
1038 1245 1238 1329 interpositis
1259 1267 1328 1314 ora-

152 1330 294 1417 toribus3
330 1352 368 1394 ex
398 1331 526 1414 quibus,
560 1331 714 1414 quoniam
747 1331 781 1394 in
815 1330 875 1394 hoc
908 1351 1054 1395 sermone
1087 1334 1198 1395 nostro
1229 1331 1328 1395 statui

152 1415 314 1479 neminem
337 1436 446 1480 eorum
469 1417 524 1499 qui
546 1417 693 1481 viverent
715 1415 894 1498 nominare,
916 1437 959 1480 nc
980 1436 1035 1480 vos
1058 1415 1213 1480 curiosius
1236 1416 1327 1480 elice-

152 1500 230 1564 retis
258 1522 296 1563 ex
324 1521 389 1578 me,
424 1501 501 1583 quid
531 1501 570 1565 de
599 1521 726 1585 quoque
759 1500 950 1583 iudicarem,
985 1521 1040 1565 eos
1068 1501 1122 1582 qui
1156 1501 1220 1564 iam
1252 1504 1328 1565 sunt

114 1605 139 1646 rs
153 1585 271 1650 mortui
293 1585 478 1650 nominabo.

236 1669 319 1733 Tum
347 1663 503 1735 Bnurffs:
540 1669 616 1735 Non
645 1672 709 1751 est,
739 1669 861 1753 inquit,
892 1669 955 1734 ista
982 1690 1078 1734 causa
1109 1691 1206 1754 quam
1234 1669 1324 1748 dicis,

149 1755 359 1838 quamobrem
382 1755 421 1819 de
445 1755 490 1819 eis
512 1755 568 1839 qui
591 1755 705 1818 vivunt
726 1754 810 1818 nihil
832 1754 912 1819 velis
934 1754 1050 1820 dicere.

238 1839 420 1917 Quaenam,
437 1840 554 1925 igitur,
576 1841 719 1922 inquom,
743 1839 815 1903 est?

128 1957 152 1983 a„
236 1921 349 2004 Vereri
377 1928 423 2000 te,
458 1927 577 2006 inqut,
614 1923 762 2003 arbitror,
795 1944 837 1987 ne
865 1941 931 2006 per'
949 1945 1008 1987 nos
1036 1923 1090 1987 bic
1117 1944 1223 2010 sermo
1251 1927 1326 1988 tuus

112 2031 138 2070 ao
152 2001 282 2072 emanet
302 2012 336 2072 et
358 2009 387 2073 ei
409 2009 469 2073 tibi
490 2012 717 2092 succenseant,
738 2029 818 2093 quos
840 2009 1052 2092 praeterieris.
1079 2027 1108 2058 'e
1121 2005 1151 2038 '¹

237 2092 344 2167 Quid?
371 2115 443 2178 vos,
464 2096 615 2176 iuquam,
639 2098 747 2158 tacere
769 2115 837 2158 non
858 2093 1029 2176 poteritis?

151 2346 321 2416 ebenbdrtig
338 2363 387 2399 zur
405 2346 481 2402 Seite
499 2347 590 2401 stand.
626 2345 708 2401 Dann
759 2345 845 2413 tavit,
863 2346 915 2400 bat
932 2347 986 2398 mir
998 2346 1081 2400 keine
1094 2346 1174 2401 Rube
1186 2346 1322 2414 gelassen‚

148 2414 246 2483 fulgen
269 2416 296 2482 2)
313 2416 360 2471 eui
377 2415 514 2483 aequales,
533 2414 578 2469 die
597 2431 627 2469 er
642 2415 709 2469 weit
759 2415 835 2468 mich
862 2415 1025 2482 unablbssig
1055 2417 1242 2484 angespornt,
1271 2414 1324 2469 hat

149 2484 310 2551 dberregta
329 2483 388 2536 und
400 2483 512 2538 endlieb
530 2486 557 2550 3)
576 2483 620 2536 die
632 2488 709 2538 aetas
761 2483 835 2535 mich
850 2498 938 2536 warin
956 2482 1098 2550 gemacht.
1146 2499 1177 2536 ro
1190 2482 1274 2536 Aroh.
1289 2488 1322 2538 28

152 2549 442 2606 CiceronieetBrcti:
461 2549 635 2619 calilicem,
654 2550 708 2604 den
759 2549 875 2604 Nullam
899 2550 974 2603 enim
996 2551 1085 2605 virtus
1139 2550 1193 2603 ‘m
1216 2566 1323 2604 meroe-

150 2634 182 2672 er
199 2617 273 2670 viele
290 2617 377 2672 Jahre
400 2636 464 2672 aum
483 2618 633 2672 Wetteifor
657 2619 710 2672 mit
760 2617 825 2671 dem
843 2617 975 2672 laborum
991 2618 1238 2687 periculorumque
1251 2617 1322 2672 desi-

149 2685 208 2739 ihm
231 2685 331 2751 roiate,
356 2685 413 2739 und
436 2687 465 2750 b)
488 2687 628 2754 Brutus,
656 2686 710 2738 mit
761 2685 843 2739 derat
856 2691 971 2752 praeter
981 2685 1154 2740 hanelaudis
1164 2689 1194 2739 et
1205 2685 1322 2756 gloriae.

150 2753 216 2807 dem
228 2768 259 2806 er
275 2755 348 2807 noch
365 2754 435 2808 lrurc
448 2770 498 2808 vor
510 2753 617 2808 seinem
631 2753 709 2808 Tode
762 2769 819 2820 qua
830 2753 944 2821 quidem
957 2753 1093 2818 detracta,
1107 2753 1176 2819 quid
1190 2753 1322 2833 estquod

149 2819 265 2875 anstrat.
295 2820 360 2887 vgl.
377 2828 437 2880 301.
760 2821 793 2874 e'n
815 2821 864 2875 tec
884 2825 942 2874 tam
965 2822 1065 2890 cariquc
1086 2822 1161 2876 citae
1182 2821 1322 2876 conrecalo

186 2895 208 2942 1.
225 2890 350 2943 Antonio
366 2888 405 2944 ist
423 2888 479 2942 abl.
494 2904 584 2956 comp.
762 2889 791 2942 et
807 2888 867 2942 tam
880 2888 961 2942 brevi
973 2889 1060 2943 tentis
1071 2904 1121 2943 nos
1132 2891 1161 2942 in
1179 2889 1323 2943 laboribus

182 2964 208 3010 4.
225 2958 308 3024 posci
325 2957 371 3011 Sic
387 2955 449 3010 sind
467 2970 630 3010 zusammen
648 2956 708 3010 eul-
761 2955 955 3010 exerceantur?
973 2956 1086 3010 Tuch
1097 2964 1112 3011 3
1125 2956 1263 3024 Equidem
1276 2971 1323 3010 eos

148 3024 265 3093 geffibrt
284 3031 341 3079 182.
762 3040 855 3090 casus,
876 3025 907 3076 in
925 3023 1027 3091 quibus
1044 3040 1090 3077 me
1107 3025 1221 3078 lbrtuna
1238 3023 1322 3078 vehe-

179 3097 345 3213 perneeeerep
362 3091 708 3214 ·0hhi{¹3i⁰¹ii¹}⁶irinffi⁰n
761 3093 871 3212 mpntgr
889 3091 1025 3214 apprcuit,
1047 3106 1159 3146 mecum
1176 3095 1238 3160 ipse
1257 3106 1323 3147 oon·

148 3178 216 3224 war,
240 3177 294 3215 wre
344 3176 371 3214 er
481 3201 487 3224 ,
559 3201 565 3225 ‚
591 3176 614 3212 rs
681 3176 711 3214 cr
764 3176 788 3212 ει
809 3176 840 3212 er
858 3176 891 3212 ns
940 3176 962 3213 c.

149 3227 203 3282 mit
213 3228 304 3283 beson
325 3245 402 3283 erem
414 3227 585 3282 Naebdruck
602 3230 710 3295 gesagt.
796 3228 869 3282 aiom
904 3241 951 3296 epo
985 3243 1023 3284 sc.
1052 3241 1116 3280 cum
1151 3225 1200 3280 illo
1236 3225 1323 3294 (Hor-

184 3301 209 3351 3.
238 3313 280 3350 me
306 3297 507 3350 adulescentem
532 3300 633 3350 nodus
662 3295 711 3348 ‘Er
762 3295 872 3361 tensio).

149 3364 209 3417 traf
230 3365 284 3416 mit
305 3364 359 3416 mir
382 3365 560 3418 zusammen'.
592 3363 710 3433 Vgl.de
795 3351 1008 3431 Ubergang
1036 3379 1102 3414 zur
1124 3361 1323 3416 weiteren

150 3445 189 3487 or.
208 3429 302 3488 11175.
329 3430 375 3488 Or.
390 3437 430 3485 32.
465 3431 709 3500 Pidvermutete,
762 3428 1323 3500 SohilderungderZeitgenoreen

149 3497 213 3576 dala
235 3497 349 3553 hiereuf
368 3499 400 3552 ic
421 3499 513 3553 eladio
535 3499 710 3580 ausgefalleu
762 3499 820 3552 des
838 3497 1045 3579 Hortensius
1064 3497 1231 3577 (tals-233).

148 3566 711 3713 {illelleubilla?illidit&
762 3565 1323 3713 dtldlzdldllldldlldll:

149 3701 500 3768 nen,unddasdanne1n
513 3703 710 3758 absrehtlrelres
762 3702 923 3770 gearbertet
951 3701 1065 3768 haben’,
1095 3702 1220 3756 insolern
1250 3703 1323 3756 eben

148 3769 304 3840 Wortspiel
338 3769 391 3823 mit
424 3770 455 3824 in
484 3770 578 3825 studio
613 3771 711 3825 bilden
763 3771 813 3824 der
830 3769 870 3824 Be
893 3769 899 3779 ‘
922 3787 940 3822 n
963 3769 1014 3824 der
1031 3769 1223 3825 oratorischen
1240 3769 1324 3823 Laus·

148 3839 254 3906 wdrde,
272 3837 327 3892 wie
346 3837 406 3891 sicb
424 3837 605 3906 dergleicben
623 3838 710 3893 bitere
762 3837 839 3891 bahn
886 3853 915 3891 es
937 3837 1065 3891 Brutus
1091 3838 1145 3891 mit
1172 3836 1223 3890 der
1244 3836 1323 3890 Rode

148 3906 236 3973 finde,
261 3924 283 3963 a.
297 3906 329 3962 Β.
346 3911 397 3960 273
420 3906 544 3960 discessu
566 3921 628 3959 meo
653 3906 711 3960 dis·
762 3920 813 3974 pro
833 3905 926 3985 Appio
945 3903 1065 3960 Claudio
1084 3904 1211 3958 erwtthnt
1228 3920 1295 3958 war.

150 3975 240 4032 cessit,
269 3974 308 4027 Er
324 3973 453 4042 verglich
470 3979 520 4028 307
538 3975 568 4027 in
586 3973 686 4042 spatio.
798 3979 836 4028 11.
855 3973 1027 4052 euterpoae'tie
1050 3973 1188 4026 trotadem
1212 3971 1274 4024 dass
1292 3986 1322 4024 so

184 4047 208 4098 7,
236 4041 330 4097 dudio
353 4042 474 4096 ciusdem
501 4041 595 4096 laudis
617 4071 650 4080 -
672 4042 711 4094 ist
761 4040 836 4095 viole
849 4040 1026 4094 dazwrscben
1040 4040 1148 4110 liegen,
1166 4038 1322 4108 gleichsam

150 4107 201 4161 das
222 4109 396 4178 ehrgeizige,
420 4109 521 4178 eilrige
545 4108 708 4176 Bestreben‚
761 4109 815 4162 mit
841 4109 934 4163 einem
961 4108 1075 4161 kiihnen
1102 4106 1222 4176 Sprung.
1262 4106 1321 4159 Aur

149 4175 303 4230 denselben
317 4177 490 4247 Siegespreis
508 4194 545 4230 zu
563 4176 708 4247 erlangcn‚
762 4176 853 4231 dieser
864 4176 934 4230 Zahl
953 4176 1004 4229 der
1021 4174 1181 4243 interpositi
1195 4175 1322 4228 oratores

150 4243 206 4297 den
220 4243 386 4298 Hortensius
404 4246 505 4299 besara.
760 4244 954 4313 beabsichtigt
976 4243 1073 4298 Cicero
1101 4260 1154 4296 nur
1181 4242 1226 4296 die
1249 4241 1322 4296 Ver-

184 4318 208 4369 8.
227 4315 349 4368 meruit
367 4319 416 4368 332
435 4329 572 4382 synonym
584 4310 637 4365 mit
649 4313 710 4382 agi·
761 4312 914 4367 storbonen
932 4328 966 4364 au
985 4327 1105 4366 neuneu.
