3016 4846
550 268 695 324 999199
713 274 755 338 ev,
768 276 827 329 991.
839 275 898 326 999.
1252 274 1313 338 159

138 446 176 490 eo
198 428 343 507 tempore
366 423 458 507 quasi
486 427 654 487 revocatus
683 423 719 487 in
742 444 869 487 cursum
896 423 1003 488 tenuit
1029 423 1134 489 locum
1156 427 1224 489 tam
1246 425 1310 505 diu,

23 535 30 570 :
138 531 235 593 quam
257 510 340 573 ferre
363 507 472 591 potuit
495 508 652 590 laborem3
676 513 788 591 postea
805 512 960 592 quantum
977 507 1115 574 detraxit
1135 530 1174 574 ex
1197 511 1310 594 studio,

14 650 30 657 -
136 598 263 659 tanturn
297 593 405 658 amisit
434 614 472 656 ex
500 593 613 676 gloria.
657 592 693 660 P.
717 591 854 658 Murena
887 593 1041 658 mediocri
1074 595 1222 678 ingenio,
1257 598 1378 661 991237

16 739 21 742 .
136 699 257 762 magno
280 678 386 742 studio
409 699 515 742 rerum
539 682 697 758 veterum,
728 677 908 742 litterarum
936 681 968 742 et
996 679 1156 743 studiosus
1184 683 1217 744 et
1243 702 1313 745 non

1 826 2 829 ,
111 763 317 847 simpertus,
334 762 454 826 multae
468 761 647 827 industriae
663 765 696 826 et
709 763 822 847 magni
837 763 956 827 laboris
971 762 1042 828 fuit.
1066 763 1100 830 G.
1114 763 1311 830 Censorinus

12 908 26 916 .
137 849 269 914 Graecis
286 847 401 912 litteris
416 847 495 911 99119
508 846 630 925 (199199,
647 846 734 930 quod
748 851 962 932 proposuerat
973 848 1137 932 explicans
1153 851 1310 932 expedite,

135 955 203 998 non
232 934 423 997 invenustus
452 934 552 1012 actor,
581 932 635 996 sed
663 932 751 995 iners
779 937 812 996 et
839 933 987 997 inimicus
1020 934 1091 999 fori.
1135 933 1171 998 L.
1194 933 1311 998 Turius

136 1038 236 1103 parvo
258 1017 403 1102 ingenio,
428 1015 485 1080 sed
506 1015 608 1080 multo
631 1017 751 1099 labore,
775 1018 1021 1102 quoquomodo
1043 1022 1185 1101 poterat,
1215 1040 1310 1102 saepe

1 1170 2 1173 ,
137 1103 278 1183 dicebat3
308 1104 416 1183 itaque
439 1101 469 1165 ei
496 1121 616 1184 paucae
639 1102 803 1166 centuriae
831 1103 869 1166 ad
897 1103 1098 1168 consulatum
1126 1103 1307 1168 defuerunt.

97 1187 307 1252 9911999
335 1185 526 1250 auctoritate
556 1207 682 1270 semper
705 1188 808 1270 eguit,
837 1187 893 1251 sed
920 1187 984 1252 fuit
1012 1191 1168 1272 patronus
1195 1209 1311 1272 prope·
1325 1205 1377 1254 238

135 1271 267 1336 modum
283 1270 559 1356 diligentissimus.
592 1271 698 1335 Huius
719 1273 747 1335 si
762 1273 840 1349 vita,
863 1272 891 1336 si
911 1294 1028 1355 mores,
1052 1273 1080 1336 si
1096 1273 1203 1339 vultus
1219 1275 1308 1338 deni-

136 1378 197 1441 que
229 1378 296 1420 non
329 1376 458 1419 omnem
490 1356 800 1420 commendationem
836 1357 961 1441 ingenii
995 1361 1168 1437 everteret,
1206 1361 1307 1422 maius

134 1462 252 1505 nomen
285 1441 321 1504 in
353 1440 498 1524 patronis
529 1440 652 1506 fuisset.
697 1441 773 1506 Non
802 1446 872 1507 eret
902 1443 1083 1525 abundans,
1118 1463 1185 1507 non
1214 1444 1308 1528 inops

133 1530 258 1607 temeu3
280 1545 347 1589 non
362 1525 455 1589 valde
476 1524 595 1606 nitens,
618 1547 684 1590 non
705 1527 803 1610 plane
826 1527 957 1592 horrida
972 1527 1090 1612 orati03
1112 1549 1175 1592 vox
1196 1533 1308 1675 pestus

94 1615 166 1676 1⁵et
187 1610 291 1674 omnis
313 1611 397 1674 actio
419 1609 489 1674 siue
512 1609 635 1694 lepore3
665 1616 700 1675 91
725 1612 760 1675 19
787 1611 989 1676 inveniendis
1012 1633 1193 1696 compouen
1217 1615 1308 1696 isque

133 1695 229 1760 rebus
266 1695 349 1759 mira
385 1695 563 1772 accuratio,
598 1702 636 1760 ut
670 1717 737 1760 non
769 1696 865 1760 facile
898 1697 933 1761 in
966 1696 1033 1761 ullo
1068 1698 1307 1782 diligentiorem

132 1782 349 1864 maioremque
373 1780 595 1864 cognoverim,
619 1780 675 1844 sed
697 1802 784 1860 eem,
807 1785 844 1846 ut
859 1781 953 1846 citius
969 1784 1195 1846 veteratoriam
1211 1804 1307 1866 qnam

168 1971 192 2019 1.
211 1965 293 2034 quusi
308 1971 453 2020 9999991119
469 1966 502 2019 im
515 1981 625 2020 ameum
642 1965 694 2020 wie
746 1967 906 2020 contionem
937 1996 970 2006 -
999 1965 1054 2020 nisi
1083 1967 1120 2021 ad
1149 1967 1307 2034 cogitatum

134 2033 180 2086 eiu
204 2029 428 2102 σταδιοδρόμος,
455 2034 505 2088 (199
528 2033 694 2102 abgetreten
745 2033 853 2088 facinus
893 2037 1111 2104 approperaret,
1152 2051 1307 2104 numquam

132 2100 182 2166 ist,
225 2100 324 2154 dassen
354 2100 615 2155 Wiederauftrelen
654 2101 694 2167 (in
745 2101 913 2168 reliquisset.
945 2101 1023 2158 Verr.
1042 2101 1133 2158 11189
1152 2118 1307 2169 numquam

133 2169 255 2235 cursum)
279 2168 348 2222 aber
369 2168 494 2223 uachher
510 2186 576 2223 vom
598 2169 694 2223 Publi·
745 2168 798 2223 iste
816 2169 875 2224 tam
893 2186 991 2224 amens
1008 2169 1110 2224 fuisset
1127 2199 1160 2209 -
1177 2171 1231 2226 nisi
1248 2187 1306 2224 om-

133 2236 200 2290 lrum
218 2236 340 2304 begehrt
356 2236 436 2291 vvird.
745 2237 788 2290 nis
799 2253 833 2291 ea
842 2237 950 2306 praeda
962 2237 1035 2292 servi
1046 2237 1159 2292 nomine
1172 2238 1209 2291 ad
1220 2237 1306 2291 istum

166 2304 421 2359 19991119999181.
745 2305 838 2374 ipsum
860 2305 1031 2375 perveniret,
1060 2305 1121 2360 Liv.
1137 2305 1255 2359 XXXIX
1273 2313 1307 2360 42

165 2378 190 2428 2.
213 2372 363 2426 eustadio
385 2372 460 2426 denn
502 2371 621 2439 uidquid
643 2372 693 2426 ha·
743 2373 866 2427 retinere
894 2372 1055 2438 Quinotium
1084 2373 1113 2427 in
1143 2375 1243 2428 senatu
1269 2391 1305 2427 99

132 2439 206 2502 buit,
229 2439 331 2493 hebuit
348 2457 383 2495 ex
401 2389 556 2508 discipiina.
591 2441 630 2494 Zu
648 2441 693 2494 de·
743 2440 833 2494 frater
862 2441 977 2509 quidem
1004 2477 1037 2486 -
1064 2442 1086 2494 91
1115 2442 1177 2495 tum
1207 2456 1306 2495 censor

132 2508 301 2564 1991911241.
745 2512 831 2574 99991,
876 2510 1002 2563 91919991.
1036 2509 1173 2579 Dagegen
1191 2509 1250 2563 Liv.
1266 2508 1305 2562 IX

167 2573 449 2630 Charakteristilr
479 2574 537 2628 des
566 2575 597 2628 P.
621 2573 693 2629 Mu·
746 2583 832 2641 19,5
885 2593 974 2643 arses,
1009 2577 1094 2630 ludos
1123 2577 1250 2644 aliasque
1280 2578 1305 2630 si

132 2657 229 2708 rena,
263 2641 291 2697 0.
319 2641 531 2699 Censorinus
564 2643 633 2696 und
662 2641 693 2697 L.
745 2644 919 2698 adiunxisset
937 2646 1048 2715 gentes,
1070 2644 1305 2713 impedimentum

132 2709 264 2763 Turius.
744 2713 849 2777 maius,
886 2729 972 2779 quam
1002 2713 1137 2766 auxilium
1166 2713 1302 2767 traheret.

165 2785 190 2833 6.
219 2778 293 2846 qaod
314 2783 498 2847 proposuerat
520 2777 580 2832 sein
598 2778 692 2848 jedes·
743 2779 776 2833 ln
794 2779 898 2834 beiden
917 2779 1230 2836 SttzenVerr.111129
1247 2795 1305 2834 999

130 2845 251 2916 muliges
269 2845 385 2905 Thema.
743 2851 926 2916 perpeterere
943 2877 977 2888 ·-
993 2848 1047 2901 nisi
1064 2878 1098 2888 -
1114 2847 1280 2917 pertineret.

166 2921 190 2969 1.
214 2919 291 2968 actor
308 2919 367 2968 221.
423 2928 491 2968 arou
508 2913 621 2981 1999919
638 2914 692 2968 919.
780 2921 820 2970 14.
842 2915 1005 2970 1999111968
1024 2916 1074 2970 (199
1088 2914 1238 2982 Gegenteil
1250 2931 1305 2968 von

131 2987 181 3035 240
199 2980 257 3050 (die
276 2981 337 3036 (1991
354 2981 394 3035 Fe
428 2981 517 3048 oren).
743 2982 843 3037 nitida.
867 2982 1051 3040 (199911151
1071 2983 1114 3036 ita
1131 2983 1166 3036 de
1184 2983 1307 3038 torridis

165 3046 691 3104 (199991199191119(1990119999.
743 3051 828 3105 rebus
845 3051 954 3113 9111119,
978 3049 1013 3104 (19
1030 3050 1131 3105 1919919
1148 3050 1247 3119 plena,
1270 3052 1305 3104 de

167 3124 207 3171 10.
231 3117 431 3238 propemodum
453 3123 503 3171 332
532 3133 577 3170 919
601 3116 692 3170 vollen
743 3118 919 3189 pervolgatis
935 3133 1011 3172 nova
1028 3119 1169 3186 quaedam
1188 3119 1231 3172 est
1243 3133 1306 3171 ora·

130 3184 221 3240 Messe
257 3185 438 3250 1n,nahezu.
743 3187 784 3240 tio
802 3189 860 3241 199.
887 3185 933 3240 Or.
949 3193 990 3241 36.
1022 3186 1056 3239 (19
1075 3185 1100 3240 19
1123 3185 1196 3245 ,Ia

166 3259 206 3306 11.
224 3253 326 3316 991199,
344 3253 457 3307 1119911911
469 3267 500 3306 99
515 3250 550 3306 de
563 3268 604 3306 or.
618 3251 691 3307 1129
778 3260 819 3308 15.
838 3260 862 3308 et
875 3253 964 3308 ommia
975 3254 1048 3308 99119
1064 3203 1123 3307 und
1135 3253 1227 3320 eomit,
1247 3253 1305 3306 und

131 3321 295 3389 gebraucht.
743 3322 914 3390 tiberhaupt.
945 3321 1120 3388 Tuse.Vll,
1144 3338 1171 3388 p.
1190 3320 1305 3378 caah.

166 3394 206 3443 12,
226 3387 487 3442 commendationem
509 3387 618 3457 1999911
641 3387 692 3442 (199
743 3395 790 3453 21,
818 3406 846 3458 p.
865 3391 926 3444 Sex.
945 3389 1026 3444 Rosc.
1049 3393 1112 3443 Am.
1132 3395 1155 3444 7.
1192 3388 1304 3443 Ebenso

131 3455 335 3520 Gewinnende,
376 3454 595 3524 Empfehlende,
641 3455 691 3509 das
743 3458 817 3511 reiht
847 3474 883 3511 an
914 3456 959 3511 die
986 3456 1162 3511 besonderen
1189 3456 1304 3510 Glieder

131 3523 212 3576 (19919
238 3523 300 3590 lag,
327 3522 388 3576 (1919
416 3538 447 3575 99
474 3522 601 3576 offenbar
627 3523 692 3577 sehr
743 3529 829 3594 utque
843 3525 893 3579 (199
907 3525 1074 3593 allgemeine
1087 3541 1122 3578 99
1134 3527 1208 3594 part.
1222 3541 1262 3579 99.
1275 3531 1303 3579 3:

130 3591 199 3713 gnte
239 3589 397 3643 nattirliche
432 3590 562 3660 Anlsgen
601 3591 691 3646 hatte.
744 3609 799 3646 vox
815 3599 908 3647 motus
925 3593 1019 3646 vultus
1036 3598 1120 3661 atquc
1131 3593 1221 3647 ommis
1232 3594 1305 3648 99119

153 3675 211 3712 orn.
230 3657 303 3726 Nep.
323 3657 411 3713 (1191
435 3659 518 3712 19919
538 3661 600 3713 9991
618 3674 692 3713 eom·
744 3660 803 3714 und
832 3677 886 3728 que
916 3659 945 3714 iu
975 3677 1092 3715 unserer
1122 3660 1227 3714 Schrift
1255 3666 1303 3714 141

131 3726 275 3781 mendatio
299 3726 355 3778 oris
378 3726 463 3794 atque
487 3726 635 3793 orationis,
660 3727 693 3780 91
745 3729 890 3796 omnisque
908 3731 1010 3782 motus.

129 3810 212 3850 nemo
230 3794 257 3848 ei
276 3793 394 3847 dicendo
411 3795 508 3863 posset
525 3794 666 3849 resistere.
777 3796 839 3850 sime
870 3797 960 3864 lepore
993 3795 1069 3850 hier:
1106 3796 1178 3850 ohne
1207 3795 1305 3848 iuuere

163 3866 294 3918 everteret
315 3892 349 3901 —
371 3862 471 3928 fuisset
493 3862 526 3915 In
544 3863 607 3916 dem
631 3879 692 3931 sog.
744 3863 865 3932 geistige
883 3863 1118 3932 Beweglichkeit,
1143 3863 1224 3918 mehr
1245 3879 1304 3916 me-

129 3929 488 3986 viertenXouditionallull
507 3929 581 3998 (dem
594 3928 692 3983 Nicht-
744 3931 878 3986 chaniseh
895 3932 954 3986 und
971 3933 1079 4002 plump.
1109 3937 1168 3985 240.

130 3998 270 4053 919199199
285 3998 315 4051 19
330 3997 595 4062 dieWirklichkeit)
615 3998 692 4051 steht
777 4001 971 4068 componendis
988 4006 1046 4053 227.

130 4065 225 4134 hbufig
258 4067 303 4119 fiir
337 4065 388 4119 das
421 4065 691 4133 plusquamperfect.
778 4074 818 4122 16.
831 4069 973 4122 crematio
981 4066 1092 4121 kommt
1104 4067 1180 4119 sonst
1190 4064 1237 4120 bei
1246 4063 1302 4118 Cic.

130 4134 201 4187 coni.
228 4133 278 4187 dae
303 4133 341 4186 im
365 4133 460 4191 991991,
485 4132 556 4186 coni.
584 4133 691 4186 sowohl
742 4135 822 4189 nicht
838 4151 897 4190 vor.
932 4135 1046 4203 Madvig
1060 4134 1172 4187 machte
1185 4149 1253 4188 cura
1271 4148 1303 4186 99

129 4200 169 4253 im
188 4200 308 4255 Vorder-
333 4150 373 4254 ais
395 4202 435 4253 im
457 4199 613 4254 Naohsatze
637 4201 692 4278 (als
743 4204 817 4258 ratio
835 4203 947 4259 (199999.

130 4269 204 4322 auch
219 4268 249 4321 in
261 4268 365 4323 beiden
378 4269 502 4332 811999).
527 4275 561 4323 40
577 4268 691 4322 tribuis·
778 4277 818 4326 17.
838 4272 923 4327 citima
937 4271 1037 4339 ‘eher’,
1055 4269 1109 4324 vvie
1128 4268 1163 4324 de
1178 4268 1304 4326 991174

130 4336 220 4390 991-
235 4337 288 4390 9191
306 4339 389 4392 asset.
416 4352 468 4406 pro
481 4335 540 4391 Mil.
552 4342 587 4391 49
606 4353 692 4405 quam
745 4339 838 4396 011199
855 4339 967 4394 hercule
984 4339 1015 4406 is,
1037 4339 1085 4404 qui
1097 4337 1216 4393 duorum
1235 4337 1303 4391 9991-
