3050 4848
507 239 651 296 saurus
669 246 712 304 ss,
731 245 790 297 rar.
811 245 868 294 1as.
889 245 947 294 129.
1253 239 1314 306 105

141 396 231 474 alius,
253 392 427 476 iuventuti,
450 393 624 458 nonenim
647 393 751 459 solum
773 413 897 470 acuere,
920 391 975 457 sed
997 391 1095 457 etiam
1116 391 1201 456 alere
1223 392 1314 477 inge-

141 482 233 545 nium
277 482 368 544 otest.
876 540 881 550 ,

227 502 312 629 Hilic
335 562 490 628 suecessit
511 562 610 627 aetati
629 561 665 627 O.
682 561 803 643 Galba,
826 560 928 626 Servii
950 561 1037 627 illius
1060 562 1110 626 elo
1134 561 1315 626 uentissimi
1330 573 1380 624 12⁷

141 650 203 714 viri
223 649 320 732 filius,
342 648 378 717 P.
395 647 503 714 Crassi
525 646 706 731 eloquentis
729 649 762 710 et
781 647 860 710 iuris
876 646 971 729 periti
985 667 1094 731 gener.
1154 646 1315 712 sudabant

116 735 228 799 shunc
251 738 358 818 patres
380 732 511 816 nostri,
525 731 680 796 favebant
708 731 805 795 etiam
832 733 963 814 propter
990 731 1091 816 patris
1117 731 1313 812 memoriam,

142 821 196 883 sed
228 818 343 884 cecidit
375 817 410 881 in
444 838 549 882 eursu.
593 815 678 882 Nam
712 815 880 901 rogatione
910 815 1071 900 Mamilia,
1102 814 1314 902 Iugurthinae

143 902 376 969 coniurationis
399 901 532 984 invidia,
557 921 708 984 cumpro
731 922 801 964 sese
823 901 892 984 ipse
907 900 1048 980 dixisset,
1071 922 1241 985 oppressus
1257 904 1316 966 est.

141 989 260 1054 Exstat
282 987 350 1052 eius
371 988 544 1070 peroratio,
567 985 622 1070 qui
644 985 790 1071 epilogus
806 985 938 1068 dicitur,
961 987 1017 1072 qui
1032 990 1125 1050 tanto
1141 986 1176 1050 in
1190 986 1315 1051 honore

142 1072 252 1156 pueris
274 1071 367 1136 nobis
389 1074 469 1156 erat,
490 1074 526 1135 ut
547 1091 619 1135 eum
636 1073 733 1134 etiam
748 1069 970 1138 edisseremus.
1001 1070 1075 1153 Hic,
1098 1071 1201 1155 quiin
1219 1071 1315 1135 colle·

103 1178 129 1219 rs
143 1157 198 1242 gio
229 1155 428 1221 sacerdotum
456 1159 554 1239 esset,
584 1155 707 1238 primus
734 1158 810 1240 post
837 1154 974 1220 [tomam
1001 1155 1160 1221 conditam
1195 1155 1313 1220 iudicio

143 1241 272 1324 publico
287 1244 336 1306 est
350 1239 592 1306 condemnatus.
627 1238 664 1304 P.
682 1239 802 1322 Scipio,
826 1240 881 1323 qui
904 1243 953 1305 est
972 1241 1008 1304 in
1023 1240 1192 1306 consulatu
1215 1261 1296 1305 mor·
1308 1239 1353 1306 34
1365 1253 1415 1304 128

142 1329 233 1404 tuus,
255 1348 324 1390 non
346 1325 482 1389 multum
497 1325 552 1390 ille
566 1324 697 1408 quidem
718 1345 779 1388 nec
801 1345 897 1408 saepe
917 1325 1051 1404 dicebat,
1075 1325 1129 1390 sed
1153 1328 1186 1390 et
1200 1324 1314 1390 Latine

141 1409 302 1494 loquendo
325 1410 423 1474 cuivis
446 1412 515 1476 erat
538 1430 598 1492 par
626 1413 660 1474 et
687 1430 799 1474 omnes
828 1409 893 1474 sale
915 1409 1103 1494 facetiisque
1131 1411 1312 1494 superabat.

138 1494 221 1560 Eius
253 1494 379 1579 college
414 1493 448 1559 L.
479 1494 589 1560 Bestia
621 1495 715 1559 bonis
748 1495 850 1558 initiis
883 1515 973 1560 orsus
1005 1497 1190 1560 tribunatus
1224 1493 1314 1580 (nam

101 1601 128 1644 15
140 1579 179 1644 P.
201 1580 364 1664 Popilium
390 1579 423 1644 vi
445 1578 481 1645 G.
506 1579 645 1644 Gracchi
671 1579 839 1662 expulsum
865 1600 923 1642 sua
950 1580 1119 1665 rogatione
1145 1579 1313 1661 restituit),

141 1665 192 1728 vir
213 1668 246 1728 et
268 1685 341 1728 acer
363 1668 396 1728 et
416 1685 485 1728 non
506 1665 689 1742 indisertus,
713 1664 822 1728 tristes
847 1665 952 1728 exitus
981 1664 1096 1729 habuit
1119 1662 1314 1729 consulatus.

141 1748 226 1813 Nam
248 1749 410 1815 invidiosa
431 1749 504 1833 lege
526 1748 561 1814 Ο.
578 1748 714 1813 Galbam
737 1748 936 1813 sacerdotem
962 1753 995 1813 et
1022 1752 1175 1833 quattuor
1203 1767 1316 1812 consu-

141 1833 224 1898 lares
246 1833 284 1897 L.
311 1833 453 1898 Bestiam
475 1835 509 1899 G.
532 1832 691 1898 Catonem
713 1831 769 1919 Sp.
784 1833 941 1898 Albinum
964 1834 1129 1917 civemque
1151 1835 1315 1916 praestan-

141 1918 301 1982 tissimum
323 1917 359 1982 L.
384 1917 563 2002 Opimium,
589 1917 725 1983 Gracchi
748 1919 1004 1995 interfectorem,
1034 1940 1054 1982 a
1081 1917 1202 2000 populo
1225 1916 1315 1982 abso·

100 2001 256 2085 solutum,
279 2024 352 2068 cum
367 2003 395 2067 is
412 2007 527 2068 eontra
541 2002 654 2088 populi
668 2002 809 2068 studium
824 2001 975 2081 stetisset,
999 2001 1180 2066 Gracchani
1195 1999 1315 2066 iudices

141 2089 349 2153 sustulerunt.
387 2087 493 2153 Huius
516 2088 681 2153 dissimilis
703 2087 739 2152 in
752 2088 920 2152 tribunatu
941 2086 1127 2171 reliquaque
1143 2086 1232 2151 omni
1249 2085 1317 2151 vita
1332 2100 1383 2150 129

176 2274 207 2339 d)
252 2271 428 2327 Zwischen
464 2271 493 2327 G.
529 2272 706 2328 Gracchus
758 2271 926 2326 einsrnach
948 2271 1013 2325 dem
1031 2271 1180 2326 Auftreten
1199 2271 1318 2326 andater

140 2341 285 2396 undder
303 2339 663 2396 erstenBldteaeitlis
694 2342 708 2394 t
757 2356 821 2394 sum
839 2339 950 2393 Sehluls
967 2340 1038 2393 hielt
1057 2345 1113 2405 190.
1133 2345 1191 2393 217.

140 2410 228 2464 noch
259 2409 337 2463 eine
363 2407 494 2462 Anaahl
523 2424 588 2463 von
616 2358 704 2462 aad·
791 2414 815 2485 a.
850 2408 901 2476 psci
935 2407 1048 2486 —·Als
1077 2407 1208 2476 Mitgh'sd
1229 2405 1317 2485 'eines

140 2493 235 2544 narn,
253 2477 357 2531 unter
376 2475 485 2530 denen
498 2473 529 2541 Q.
543 2476 705 2531 Lutatius
756 2473 1047 2554 Ifnesterlrollegrums
1057 2475 1161 2554 honnte
1172 2490 1202 2529 er
1209 2476 1318 2554 argent·

142 2543 286 2598 Catulus
332 2542 519 2602 besonders
562 2545 704 2600 horror·
756 2543 951 2621 lichrorern
974 2542 1318 2598 offenthchesllnmrnal-

142 2613 481 2736 rabgttdqubdgmitten
503 2680 544 2758 in·
556 2679 606 2733 der
623 2679 705 2756 Laut·
756 2610 1237 2758 ddlbhdeibmbldsldbtdgredswllbldld
1254 2627 1318 2732 biit

140 2745 227 2868 pepp.
246 2746 298 2801 ehe
318 2763 349 2800 er
366 2745 440 2800 noch
453 2745 502 2800 das
514 2747 573 2801 Zrel
584 2747 707 2801 erremht
757 2746 968 2868 pastcpplegrum
978 2695 1156 2866 pipntrdcurm
1174 2745 1318 2865 11110ηὸ91·-

163 2831 180 2868 a
226 2857 233 2872 .
778 2830 805 2868 e1
864 2829 894 2867 er
941 2829 977 2868 on
1014 2829 1048 2867 ex
1070 2829 1217 2871 maximus.
1277 2829 1318 2866 res

178 2880 369 2951 Iugurthinae
380 2881 583 2936 coairsratioat's
594 2881 707 2936 invidia
759 2880 876 2936 audente
900 2831 959 2934 sibh
982 2896 1036 2934 von
1058 2898 1117 2933 nun
1140 2897 1175 2935 an
1196 2879 1254 2933 und
1273 2877 1318 2933 die

143 2950 251 3018 intolgs
276 2947 326 3003 der
348 2948 357 3014 (
380 2946 513 3004 orechten
531 2950 591 3016 103)
613 2950 707 3027 Erbit-
758 2947 1259 3028 politischenVolksgerichtefinges
1271 2962 1317 3024 an,

142 3021 226 3072 terun
270 3017 320 3071 des
341 2965 431 3070 Vgolks
453 3016 524 3071 tiber
547 3016 592 3070 die
611 3016 708 3071 Gesrn·
758 3017 821 3070 rhra
832 3015 1007 3084 Kompetena
1025 3015 1097 3068 auch
1114 3015 1166 3070 auf
1175 3014 1220 3068 dre
1233 3015 1318 3084 gerst-

141 3035 288 3162 nungslosi
308 3083 370 3161 keit
394 3084 453 3137 und
470 3084 708 3163 Besteohlichlreit
758 3084 831 3138 liehs
861 3084 919 3137 Kor
940 3082 1050 3136 oration
1080 3082 1130 3136 der
1159 3083 1319 3136 sacerdotes

143 3169 174 3206 so
187 3099 311 3207 melerG
334 3153 464 3220 hmaten,
478 3152 524 3206 dre
536 3155 620 3206 unter
631 3168 708 3206 emer
758 3170 794 3206 au
812 3100 981 3206 erstreclen.

143 3219 241 3274 Decke
251 3169 389 3274 steclteu.
408 3219 466 3273 Das
476 3236 564 3290 genae
574 3220 707 3275 Getriebe
795 3226 834 3274 12.
851 3219 957 3272 Latiae
974 3215 1109 3296 loquendo
1125 3247 1159 3257 -
1171 3217 1213 3270 Im
1225 3218 1319 3294 ersten

143 3287 238 3342 dieser
263 3285 572 3355 Bestechungskdnste,
600 3285 631 3341 in
657 3286 707 3340 das
757 3286 1039 3355 Haupterfordernrs,
1067 3283 1319 3362 derUSpruachnch-

145 3354 205 3409 sich
244 3371 299 3409 nur
338 3353 485 3409 allzuviele
532 3353 707 3409 verstricken
758 3354 872 3424 tigkeit,
890 3354 959 3407 bzw.
980 3352 1217 3422 Sprachremhe1t,
1235 3351 1319 3405 stand

141 3423 256 3488 liessen,
280 3422 331 3476 der
353 3421 523 3486 coniuratio.
548 3423 635 3477 deren
655 3421 707 3477 Ur·
759 3439 791 3478 er
807 3422 900 3476 hinter
919 3419 1030 3475 lisinam
1052 3420 1240 3486 aurtickltt,
1260 3425 1318 3476 140.

142 3490 232 3544 heber
260 3490 310 3544 der
335 3488 450 3545 schlaue
473 3490 611 3559 Iugurtha
636 3506 708 3554 war,
758 3491 794 3544 de
812 3505 852 3543 or.
871 3489 910 3543 ΙΙΙ
927 3495 961 3544 at
973 3487 1002 3543 ff.
1020 3493 1054 3542 40
1066 3487 1094 3546 ff.

90 3589 94 3596 ·
141 3558 211 3612 kam
236 3557 310 3626 J'etat
336 3573 373 3610 an
399 3557 455 3612 den
479 3558 541 3628 Tag
566 3557 625 3612 und
650 3574 707 3611 em·
792 3554 1320 3623 14.bouis.aberes11egtnahe,davor

166 3625 226 3680 orte
250 3625 299 3678 das
321 3624 397 3680 Volk
423 3625 483 3681 aufe
505 3626 649 3681 tulserste.
673 3656 706 3665 -
757 3625 810 3679 mit
819 3623 848 3679 G.
858 3623 887 3682 F.
896 3623 941 3677 W.
951 3622 1055 3678 Mflller
1069 3624 1124 3678 den
1136 3622 1247 3677 Ausfall
1265 3638 1320 3678 von

173 3707 209 3746 on
230 3691 707 3774 den·beidenhblativsn'drticlrt
758 3709 776 3746 a
794 3690 997 3772 anauuehmen.
1147 3756 1213 3809 ,Μ
1262 3756 1291 3809 Π,

144 3761 338 3907 (ὲῑὶηῗῗξέἓ,
351 3759 707 3897 <saturatas
758 3844 779 3882 2.
793 3759 1002 3906 terrare
1017 3758 1081 3828 ‘³⁹⁶’
1101 3757 1128 3812 ‘¹‘
1214 3773 1321 3903 ml·

144 3896 311 3953 hervornef.
791 3901 833 3949 20.
851 3909 913 3949 orca
925 3908 951 3948 cs
968 3897 1064 3949 contra
1076 3892 1180 3968 popula
1194 3891 1320 3946 cadram

180 3969 205 4019 8.
222 3964 364 4031 peroratio
377 3963 427 4017 der
439 3961 592 4017 besonders
610 3962 707 4030 gelun·
759 3963 876 4018 stetisset
893 3963 966 4015 trote
979 3959 1070 4015 seiner
1083 3958 1320 4028 opposrtionellen

144 4047 220 4102 gene
229 4032 287 4085 und
296 4031 370 4087 dann
379 4030 425 4084 fdr
433 4029 493 4084 sich
503 4029 588 4084 allein
595 4029 708 4085 heraus-
758 4029 889 4099 Stellung
900 4044 993 4098 gegen
1010 4028 1224 4082 dassouverttne
1234 4026 1319 4087 Volk.

167 4099 294 4169 egebene
312 4098 472 4153 Schlussteil
490 4097 582 4152 seiner
598 4097 707 4152 Vertei·
757 4097 805 4152 bei
828 4097 892 4151 dem
915 4096 944 4152 G.
963 4094 1105 4150 Gracchus
1127 4094 1157 4147 in
1179 4109 1209 4148 so
1231 4093 1321 4148 hoher

144 4117 342 4244 digungsrede.
387 4165 466 4232 (Man
495 4165 551 4234 gab
581 4165 706 4220 einselne
759 4164 857 4220 Gnade
875 4163 1032 4235 gastandan
1051 4162 1169 4282 hattefflii
1199 4228 1218 4282 h

143 4231 708 4370 letarestaurabunt
758 4231 1048 4356 atlasfflllm‘
1087 4246 1105 4298 ¹³
1108 4244 1125 4284 ⁰
1170 4243 1199 4282 ⁸⁰
1258 4243 1320 4282 m
