3016 4846
219 221 283 284 204
628 217 772 273 Burrus
791 224 833 285 ιι,
850 223 910 276 ars.
929 224 990 272 ere.

219 371 371 436 missione
394 374 427 436 et
448 372 665 437 moderatione
687 371 777 436 vocis
799 375 832 435 et
846 374 1041 436 commutato
1064 393 1182 454 genere
1197 371 1326 436 dicendi
1341 395 1397 438 me

221 460 254 520 et
274 457 451 540 perieulum
473 457 576 521 vitare
598 478 693 541 posse
716 459 749 520 et
774 457 986 540 temperatius
1012 456 1131 538 dicere,
1160 460 1197 520 ut
1222 461 1397 522 consuetu-

221 541 329 606 dinem
351 541 480 606 dicendi
502 545 675 622 mutarem,
698 563 736 605 ea
758 562 852 605 causa
873 541 954 605 mihi
975 543 1009 606 in
1033 541 1146 605 Asiam
1167 542 1397 625 proficiscendi

154 641 204 692 315
218 627 294 691 fuit.
339 626 453 711 Itaque
482 649 555 691 oum
582 648 684 691 essem
711 626 878 690 biennium
905 632 1051 690 versatus
1077 627 1111 690 in
1141 627 1245 690 causis
1272 631 1305 691 et
1326 628 1398 692 iam

220 712 348 777 infero
371 712 567 776 celebratum
588 733 695 776 meum
717 732 837 776 nomen
862 718 960 791 esset,
989 710 1093 775 Roma
1120 733 1191 793 sum
1218 711 1427 794 profectum

221 795 303 862 (lum
325 797 485 861 venissem
508 797 665 878 Athenas,
689 817 744 859 sex
765 817 891 860 menses
907 817 978 873 cum
995 795 1158 860 Antiocho
1179 796 1296 860 veteris
1310 799 1399 862 Aca-

221 881 343 945 demiae
365 881 568 944 nobilissimo
591 885 624 944 et
644 880 892 964 prudentissimo
914 879 1108 965 philosopho
1124 880 1171 944 fui
1190 880 1398 966 studiumque

221 965 446 1050 philosophiae
474 986 650 1049 numquam
677 966 896 1030 intermissum
929 988 949 1030 a
982 965 1149 1048 primaque
1176 964 1400 1032 adulescentia

224 1052 346 1114 cultum
368 1054 401 1114 et
423 1071 550 1132 semper
571 1055 701 1115 auctum
723 1049 785 1114 hoc
804 1071 914 1114 rursus
929 1072 1053 1114 summo
1070 1053 1200 1115 auctore
1216 1051 1248 1113 et
1262 1051 1399 1116 doctore

222 1136 386 1199 renovavi,
431 1135 554 1200 Eodem
586 1138 696 1200 tamen
729 1140 872 1218 tempore
907 1135 1045 1199 Athenis
1078 1135 1164 1218 apud
1192 1134 1400 1201 Demetrium
1414 1156 1440 1195 10

222 1219 339 1304 Syrum
361 1224 501 1284 veterem
524 1222 557 1284 et
581 1242 646 1284 non
674 1219 852 1303 ignobilem
881 1220 1007 1284 dicendi
1034 1221 1224 1304 magistrum
1252 1220 1400 1286 studiose

222 1305 362 1369 exerceri
378 1305 529 1369 solebam.
567 1305 647 1369 Post
669 1325 753 1368 ame
769 1306 849 1368 Asia
870 1307 939 1368 tota
953 1311 1127 1390 peragrata
1149 1308 1199 1369 est
1220 1326 1293 1370 cum
1311 1327 1401 1370 sum-

222 1391 283 1453 mis
306 1389 435 1474 quidem
458 1391 653 1466 oratoribus,
682 1390 870 1473 quibuscum
893 1389 1063 1454 exercebar
1088 1389 1167 1473 ipsis
1195 1390 1402 1472 lubentibus;

222 1496 356 1557 quorum
380 1478 448 1538 erat
469 1475 620 1558 princeps
634 1473 806 1556 Menippus
822 1473 1071 1539 Stratonicensis
1092 1495 1164 1538 meo
1187 1474 1304 1538 iudicio
1325 1478 1403 1540 tota

223 1561 302 1623 Asia
328 1559 393 1623 illis
421 1561 619 1643 temporibus
647 1559 887 1642 disertissimum
918 1563 966 1640 et,
995 1562 1022 1623 si
1045 1558 1127 1622 nihil
1154 1557 1274 1623 habere
1296 1561 1401 1625 mole·
1416 1576 1440 1616 1⁵

223 1644 357 1708 stiarum
379 1666 439 1708 neo
460 1645 655 1727 ineptiarum
670 1643 852 1707 Atticorum
876 1648 940 1726 est,
962 1644 1016 1707 hic
1031 1647 1139 1707 orator
1153 1644 1188 1707 in
1203 1643 1268 1708 illis
1282 1666 1401 1710 nume-

157 1744 208 1793 316
222 1730 289 1793 rari
310 1734 395 1794 recte
424 1733 541 1812 potest.
585 1727 818 1793 Adsiduisaime
848 1733 956 1793 autem
981 1750 1107 1792 mecum
1134 1728 1199 1792 fuit
1219 1728 1403 1814 Dionysius

156 1833 159 1844 ¹
224 1812 375 1899 Magnes3
399 1818 469 1878 erat
482 1814 580 1878 etiam
596 1812 771 1895 Aeschylus
792 1812 934 1890 Cnidius,
958 1814 1211 1896 Adramyttenus
1226 1812 1402 1880 Xenocles.

225 1897 270 1962 Hi
297 1903 366 1962 tum
400 1899 434 1962 in
463 1899 542 1962 Asia
574 1900 743 1963 rhetorum
771 1899 935 1982 principes
962 1899 1223 1963 numerabantur.
1272 1898 1404 1974 Quibus

224 2005 291 2048 non
313 1987 484 2048 contentus
505 1982 653 2048 Rhodum
683 1983 754 2046 veni
781 2004 895 2067 meque
917 1983 957 2046 ad
979 1983 1130 2066 eundem,
1159 2003 1254 2066 quem
1276 1982 1404 2050 Romae
1418 2000 1443 2039 ²⁰

225 2069 424 2150 audiveram,
453 2067 617 2133 Molonem
646 2068 820 2151 applicavi,
850 2090 921 2132 oum
950 2073 1090 2132 actorem
1118 2069 1153 2131 in
1181 2069 1264 2132 veris
1293 2072 1404 2134 causis

226 2153 475 2237 scriptoremque
493 2157 712 2237 praestantem
727 2156 797 2217 tum
819 2155 854 2217 in
868 2153 1019 2217 notandis
1041 2152 1404 2239 animadvertendisque

223 2389 286 2459 Vgl.
300 2396 357 2467 3¹⁶:
381 2389 453 2442 Dem
466 2390 592 2442 ersteren
605 2388 704 2466 lilledo
725 2392 784 2444 eut·
837 2389 1043 2457 Chrysogonus)
1066 2385 1253 2476 einedq'pqoev
1278 2388 1321 2452 ele
1345 2386 1403 2461 τὴν

224 2457 331 2526 epricht
347 2474 386 2509 rm
402 2455 555 2524 folgenden
564 2457 727 2577 'periculum
745 2459 785 2511 vi·
830 2453 958 2538 ‘Etloidc
977 2458 1146 2540 dipoprtpee
1166 2461 1265 2526 tepor,
1283 2452 1333 2542 ὦς’
1346 2462 1404 2515 rori

223 2523 785 2671 111111111111111111111111
837 2526 1405 2672 “teteritarrletzrrer

221 2675 317 2728 Jenem
341 2660 484 2713 oontenbo
507 2674 596 2713 mmra
622 2677 697 2714 vocis
719 2677 783 2726 res.¹
870 2659 1404 2718 cdereaeodcmaoesnndhntrochus.

225 2727 331 2781 diesem
344 2726 505 2781 deferverat
517 2727 617 2781 oratio.
640 2727 707 2781 Man
725 2745 785 2782 ver·
872 2734 911 2780 12.
935 2743 997 2782 cum
1014 2727 1089 2781 kann
1109 2727 1189 2784 nicht
1205 2728 1310 2798 richtig
1330 2732 1405 2797 sein,

243 2794 334 2848 leiche
358 2795 441 2873 auch¹
453 2794 499 2872 die
518 2793 702 2864 Verbinduug
724 2813 784 2850 ver·
836 2795 882 2861 de,
900 2795 953 2850 wie
965 2794 1192 2873 Pidbemerkte,
1210 2795 1308 2850 Cicero
1320 2799 1406 2854 nicht

224 2814 325 2918 borum
344 2864 373 2916 et
387 2869 504 2916 actionis
521 2869 580 2917 317.
836 2867 866 2916 in
894 2862 1078 2984 Beglertungz
1100 2863 1151 2916 der
1185 2863 1405 2922 beriihmtesten

1079 2947 1093 2984 e

258 2937 282 2986 2.
313 2935 338 2985 ct
365 2931 543 2998 temperatius
570 2931 660 2986 dicere
687 2931 784 2987 Cicero
837 2930 1030 3001 griechischen
1095 2930 1166 2985 dner
1187 2932 1275 2986 Asien
1298 2933 1407 2988 durch-

224 2997 296 3054 hofft
318 3014 373 3052 von
396 2998 447 3052 der
464 2998 655 3118 (ᾖὴγείεοὴοιι)
674 2998 783 3054 Herab-
837 3016 899 3067 cog,
917 2998 1037 3052 sondern
1055 2999 1095 3052 sie
1113 2999 1224 3053 tiberall
1242 3001 1405 3058 aufsuehte.

224 3067 378 3134 stimmung
398 3067 455 3119 und
500 3066 633 3136 ilderung
657 3066 708 3120 der
729 3067 785 3122 bis·
837 3066 903 3135 Vgl.
916 3065 1031 3131 Quintil.
1043 3065 1097 3120 Xll
1115 3072 1139 3132 6,
1154 3072 1176 3120 1.
1194 3067 1244 3122 Ich
1260 3075 1403 3136 vermute‚
1478 3093 1479 3122 ι

222 3135 341 3203 herigeri
368 3133 525 3188 Tonst'arke
552 3135 643 3188 seiner
669 3133 786 3189 Stimme
838 3134 900 3188 dale
917 3135 964 3187 fiir
981 3150 1045 3187 cum
1063 3134 1321 3190 vielmehrreferta
1337 3137 1407 3193 turn
1478 3133 1479 3152 ¹

224 3205 305 3258 einen
328 3202 483 3271 doppelten
505 3202 623 3256 Gevinn
645 3201 691 3255 fiir
712 3202 784 3256 sich:
836 3220 870 3255 zu
889 3202 965 3256 lesen
984 3204 1043 3255 sein
1056 3201 1134 3255 wird.
1148 3202 1227 3256 -Ζιιιιι
1240 3202 1408 3261 Gadanken

225 3269 331 3324 einmal
360 3286 412 3323 vor
438 3267 552 3335 allem,'
567 3270 612 3322 die
642 3268 785 3323 droheude
836 3269 893 3338 vgl.
911 3270 946 3322 de
969 3284 1007 3324 or,
1025 3269 1123 3336 11151,
1140 3287 1182 3339 pr.
1196 3270 1321 3324 Arent.
1348 3273 1409 3330 Mit

224 3337 330 3392 Getahr
373 3337 424 3390 der
461 3336 786 3406 hungensohwindsueht
837 3338 901 3391 dem
925 3336 990 3390 Abl.
1015 3335 1064 3390 der
1087 3336 1192 3392 Person
1217 3339 1255 3392 ist
1278 3340 1410 3398 refertus

225 3423 259 3459 zu
282 3403 383 3458 beseiti
405 3421 452 3468 en,
478 3404 553 3456 dann
576 3405 644 3457 aber
667 3404 738 3458 auch
756 3405 784 3457 in
836 3403 1001 3458 verbunden
1018 3404 1091 3458 auch
1104 3404 1149 3468 Or.
1162 3412 1210 3461 146
1229 3407 1409 3464 doctissimis

226 3470 348 3525 Zulrunft
394 3471 500 3525 adurch
526 3470 565 3524 im
588 3470 713 3590 Vortrap
739 3473 784 3526 die
836 3470 996 3526 hominibus
1008 3473 1112 3526 referta
1127 3473 1238 3535 domus.
1252 3481 1315 3540 140;
1328 3475 1411 3534 Phil.

706 3555 723 3592 a

226 3539 322 3592 rechte
350 3537 432 3592 Mitte
461 3538 600 3591 zvischen
631 3556 665 3592 zu
723 3539 785 3592 uter
837 3539 929 3603 11673
952 3557 979 3607 p.
998 3539 1058 3593 Dei.
1076 3547 1124 3607 33,
1142 3559 1170 3611 p.
1190 3541 1285 3596 Plano.
1306 3549 1352 3611 19,
1378 3547 1411 3602 in

228 3605 295 3660 oder
313 3622 347 3657 au
364 3604 474 3659 starker
491 3606 548 3658 und
567 3624 601 3659 zu
616 3605 700 3660 leiser
717 3606 786 3662 oder
837 3607 892 3662 Pis.
908 3613 947 3660 11,

227 3690 261 3727 au
290 3672 451 3726 echwacher
480 3671 599 3726 Stimme
634 3672 786 3740 einhalten‚
872 3679 912 3729 lt.
939 3675 1126 3730 molestiarum
1143 3677 1328 3744 Kleinlichee‚
1352 3680 1412 3737 Pe·

227 3742 287 3820 also
306 3739 361 3794 den
372 3739 486 3794 wahren
498 3739 645 3795 Wohllaut
663 3740 722 3795 sich
737 3757 785 3795 an·
839 3742 1006 3797 dontieches.
1023 3744 1195 3822 ineptiarum
1210 3745 1412 3804 Geschmack·

228 3807 570 3956 eliiidluitleiiinciiimdi
595 3877 711 3931 umlaset
740 3876 786 3931 die
839 3809 1173 3955 Πῗέ1.Τ11111111111111111
1196 3881 1298 3958 ᾱθιιίιι
1317 3883 1412 3939 vvirk-

228 3948 302 4001 actio
322 3942 379 3998 und
398 3943 495 3997 drctro.
844 3944 937 4000 hchen
948 3945 1102 4000 Processen
1121 3949 1182 4017 (vor
1196 3947 1324 4018 Gencht)
1344 3955 1413 4008 auf-

263 4020 287 4072 3.
306 4029 339 4067 co
355 4027 440 4067 careo
458 4010 518 4066 also
534 4009 611 4066 nicht
628 4011 672 4066 die
689 4011 794 4067 Furcht
843 4012 913 4077 trat;
937 4028 1022 4068 verae
1043 4013 1153 4069 heilsen
1175 4015 1220 4070 die
1242 4033 1346 4073 causae
1367 4023 1413 4076 im

229 4096 281 4135 vor
304 4081 394 4148 Sulla,
422 4078 475 4133 wie
502 4078 621 4133 manche
648 4079 792 4148 glaubten.
845 4078 1003 4150 Gegensata
1021 4099 1055 4134 au
1068 4081 1413 4158 denfingiertenrcllen,

229 4148 304 4203 Plut.
324 4148 413 4204 (liat
432 4143 591 4209 dediderit
610 4138 793 4202 ro'dettcv
844 4146 889 4202 die
917 4148 959 4203 als
984 4148 1156 4205 rhetorische
1185 4150 1416 4224 Schulfibungen

229 4219 339 4340 ppegen
363 4216 413 4270 der
430 4212 559 4270 Verteidi
600 4229 638 4284 ng
660 4213 710 4269 des
728 4212 791 4268 Sex.
845 4213 997 4270 behandelt
1014 4217 1128 4272 vurden
1148 4219 1213 4286 (den
1228 4219 1325 4276 theses
1338 4225 1416 4280 oder

256 4285 347 4338 oscius
386 4299 479 4354 gegen
514 4282 605 4338 Soles
643 4279 793 4352 Gllnetling
845 4283 976 4352 ephteren
995 4287 1212 4356 controversiae)
1231 4293 1291 4342 310.
