3040 4844
498 261 519 320 Ι,
546 247 793 313 sarciamus
811 255 964 314 INDICES.
1256 258 1320 322 249

146 412 242 466 lundis
265 413 433 482 angeklagt,
465 416 534 467 aber
556 412 630 466 troia
659 412 709 465 des
761 411 859 487 contra
888 408 1064 488 voluntatem
1092 408 1216 462 omnium
1246 410 1320 529 opti-

146 481 312 549 Zeugnisses
343 481 392 534 des
422 481 558 535 Aemilius
590 479 709 534 Scaurus
759 480 877 530 matrum
891 493 943 546 per
955 476 1121 531 seditionem
1135 477 1171 530 ad
1204 492 1219 529 o
1242 494 1320 530 uum

146 549 395 626 freigesprochem
417 549 456 602 Er
482 549 520 602 ist
547 549 642 601 sator
668 547 707 599 im
760 546 843 622 legem
869 545 1011 613 agrariam
1037 545 1149 623 ferebat.
1178 494 1319 622 'Foiybius

146 616 261 670 Tumult
288 617 338 670 des
366 617 454 670 Cinna
480 566 705 684 umgeiommen.
759 613 830 666 Hist.
850 612 876 664 ΙΙ
895 618 942 680 21,
964 618 977 665 7
1004 613 1077 666 setzt
1106 612 1152 666 die
1178 612 1321 681 Rogatron

147 683 181 738 de
205 700 244 738 or.
262 683 290 736 ll
308 691 339 738 91
363 683 456 737 Fufius
483 699 583 738 nervos
610 683 639 735 in
666 683 707 734 di·
759 681 846 734 etwas
858 679 962 744 frliher,
979 679 1007 733 in
1021 680 1071 733 das
1083 679 1107 738 J,
1121 678 1320 734 233.-Corn.

147 752 235 806 cando
266 751 295 806 C.
325 751 478 816 Fimbriae,
511 767 582 817 quos
610 751 707 804 tamon
758 748 829 816 Nep.
851 747 942 801 Hann.
966 763 990 804 c.
1009 754 1038 813 4,
1061 755 1076 802 3
1100 748 1263 817 (Hannibal)
1283 747 1320 806 .C.

146 818 246 872 habuit
272 819 335 885 ille,
363 837 419 873 non
446 819 622 884 adsequitur,
652 817 708 871 oris
759 814 928 869 Flaminium
952 815 1094 869 consulem
1121 815 1195 894 apud
1219 815 1322 869 Trasu-

145 888 318 956 praritatem
343 887 373 941 et
402 888 549 941 verborum
579 885 708 940 latitudi-
760 899 893 936 rnennum
911 899 973 936 cum
993 883 1116 937 exercitu
1141 882 1248 936 insidiis
1267 883 1322 937 cir-

147 971 212 1008 nem
230 954 365 1008 imitatur.
760 953 941 1004 cumvontum
968 950 1077 1005 occidit.
1117 951 1174 1005 Liv.
1203 950 1282 1003 XXII
1307 957 1321 1004 ‘l

180 1020 213 1078 (i.
242 1022 393 1090 (Flavius)
420 1021 555 1078 Fimbria
581 1027 631 1075 223
658 1021 710 1075 der
760 1018 837 1072 Haec
855 1020 898 1071 est
921 1019 1023 1073 nobilis
1045 1018 1081 1072 ad
1100 1018 1321 1073 Trasumennum

146 1089 288 1144 bekanntc
317 1093 447 1144 wiitende
477 1089 617 1143 Marianer
651 1089 710 1154 (bei
759 1102 857 1154 pugna
880 1089 966 1153 atquc
989 1086 1063 1140 inter
1084 1103 1189 1155 paucas
1215 1103 1323 1140 memo-

147 1157 212 1209 dem
235 1156 359 1210 Blutbad
382 1157 430 1211 dcs
453 1156 477 1210 J.
501 1164 534 1211 81
557 1157 709 1210 besonders
760 1155 824 1208 rata
840 1155 939 1222 populi
956 1154 1075 1209 Romani
1094 1155 1195 1208 clades.

145 1223 265 1293 thatig),
296 1225 346 1278 der
372 1225 410 1276 im
437 1224 462 1278 J.
486 1229 519 1279 86
551 1225 592 1278 als
619 1225 709 1302 Legat
796 1222 830 1276 F.
851 1220 1040 1296 (Quinctius)
1060 1222 1249 1278 Flamininus
1263 1227 1320 1286 109,

146 1292 242 1345 seinen
257 1291 529 1346 Obcrbefehlshaber
539 1291 568 1345 L.
578 1292 708 1346 Valerius
760 1295 809 1342 219
828 1288 934 1343 Konsul
951 1289 990 1342 im
1007 1290 1032 1343 J.
1053 1296 1100 1343 123
1120 1290 1183 1353 (mit
1202 1289 1233 1355 Q.
1253 1289 1321 1344 Cae·

147 1357 263 1412 Flaccus
287 1360 443 1414 crmordete
467 1359 524 1413 und
550 1361 627 1413 daun
649 1359 708 1412 sich
759 1357 839 1410 cilius
858 1356 987 1410 Metellus
1005 1357 1185 1425 Balearicus),
1391 1387 1395 1392 .

148 1426 237 1480 selbst
253 1427 353 1493 tlltcte,
373 1427 410 1480 da
421 1428 480 1482 scin
494 1428 568 1480 Heer
582 1444 616 1480 zu
629 1426 708 1480 Sulla
793 1424 971 1492 Fregellani
992 1429 1048 1479 170.

147 1495 267 1562 fibergiu
291 1495 371 1548 .Liv.
392 1496 459 1564 epit,
471 1494 598 1548 LXXXII
611 1494 641 1550 L.
654 1494 708 1549 Va·
792 1493 826 1546 L.
846 1493 983 1548 Fulldlus
1003 1499 1050 1546 112
1074 1493 1120 1547 ein
1142 1492 1239 1546 echter
1261 1491 1325 1546 Alt-

146 1561 233 1615 lerius
250 1512 364 1616 Fiaccus
382 1563 492 1629 consul,
516 1562 627 1630 collega
645 1561 708 1616 Cin·
758 1564 853 1635 rdmer
871 1575 925 1613 von
944 1560 1092 1614 eiuiachen
1114 1559 1171 1613 und
1189 1564 1322 1638 strengen

147 1645 215 1695 nae,
241 1631 341 1683 missus
369 1634 399 1685 ut
424 1630 520 1685 Sullae
548 1630 710 1684 succederet
762 1626 865 1692 Sitten;
885 1644 915 1680 er
932 1627 1036 1696 gchdrt
1053 1646 1087 1682 au
1105 1628 1210 1688 denen,
1229 1626 1274 1681 die
1293 1644 1322 1682 es

146 1699 264 1766 propter
282 1698 430 1752 avaritiam
448 1697 554 1751 invisus
572 1697 710 1751 exercitui
761 1694 989 1760 verschmtihten,
1019 1696 1139 1764 goldcno
1167 1695 1258 1762 Rlnge
1288 1711 1323 1746 zu

148 1781 198 1818 suo
212 1781 229 1818 a
241 1764 269 1820 C.
279 1765 405 1819 Fimbria
419 1767 513 1833 legato
531 1765 626 1834 ipsius,
640 1765 709 1818 alli·
760 1762 871 1828 tragon,
887 1763 943 1815 und
954 1765 1099 1831 ‘praetura
1110 1778 1221 1832 quoque
1234 1761 1323 1816 functi

146 1848 207 1885 mac
233 1833 370 1886 audaciae
395 1835 511 1897 homine,
539 1832 644 1885 occisus
667 1833 710 1885 est
760 1831 790 1881 in
807 1829 899 1883 ferreo
913 1833 962 1897 (sc.
976 1831 1089 1898 annulo)
1102 1831 1320 1884 consenuerint’.

148 1900 178 1951 et
203 1900 352 1968 imperium
380 1901 417 1953 ad
439 1899 590 1953 Fimbriam
617 1901 707 1952 trans·
760 1897 832 1950 Plin.
850 1915 877 1953 n.
891 1897 918 1950 h.
932 1897 1048 1950 XXXIII
1064 1898 1170 1967 1,6(L.
1180 1897 1321 1951 Fufidium

148 1965 246 2019 latum.
277 1984 304 2035 p.
324 1966 387 2021 Sex.
407 1968 484 2021 Rosc.
505 1974 538 2021 33
559 1967 708 2020 Hominem
760 1964 849 2030 illum,
869 1965 905 2017 ad
921 1981 1004 2031 quem
1018 1965 1138 2020 Scaurus
1151 1967 1186 2020 de
1198 1967 1258 2019 vita
1270 1982 1321 2019 sua

148 2033 233 2101 longe
257 2034 474 2088 audacissimum
496 2051 586 2103 nuper
609 2034 708 2087 habui·
762 2031 895 2100 scripsit).

148 2118 211 2153 mus
237 2099 267 2154 in
293 2101 407 2156 civitais
435 2102 463 2157 C.
487 2101 641 2156 Fimbriam
670 2103 708 2168 et,
794 2100 828 2153 L.
846 2101 951 2155 Fufius
971 2106 1028 2166 182,
1047 2107 1097 2154 222
1116 2105 1165 2154 der
1182 2101 1237 2154 den
1256 2103 1321 2167 (von

149 2167 225 2234 quod
239 2168 313 2223 inter
326 2186 422 2224 omnes
435 2172 552 2236 constat,
570 2170 710 2223 nisiinter
762 2169 901 2221 Antonius
919 2168 1120 2236 verteidigtcn)
1133 2168 1177 2222 M!
1190 2168 1320 2234 Aquilius

66 2296 67 2300 ,
150 2253 206 2302 eos,
225 2236 274 2303 qui
291 2237 347 2306 ipsi
366 2254 478 2306 quoquc
496 2238 648 2305 insaniunt,
667 2237 709 2290 ia·
760 2235 799 2288 im
826 2236 851 2290 J.
873 2241 906 2290 98
932 2236 1152 2304 repetundarum
1179 2236 1321 2315 anklagte.

146 2305 335 2358 sanissimam.
370 2305 397 2359 Is
424 2323 488 2359 cum
515 2306 652 2367 curasset,
679 2304 709 2357 in
761 2305 796 2356 dc
824 2303 869 2358 off.
892 2303 918 2356 II
942 2311 975 2357 50
1000 2305 1039 2358 Im
1062 2304 1218 2358 accasaado
1241 2309 1323 2357 elsam

148 2375 245 2425 funere
265 2371 293 2430 Ο,
305 2372 388 2427 Marii
406 2382 438 2427 ut
456 2372 478 2438 Q
500 2373 635 2427 Scaevola
652 2373 709 2426 vul·
759 2371 813 2425 Μ’.
826 2371 943 2440 Aquilio
962 2371 995 2425 L.
1009 2371 1091 2440 Fufii
1108 2373 1218 2490 cosqaita
1233 2371 1323 2449 'iada-

147 2441 310 2506 ncraretur,
338 2442 382 2494 vir
407 2441 597 2494 sanctissimus
624 2441 709 2508 atquc
761 2440 833 2492 stria
851 2445 898 2494 cst.
918 2440 953 2492 dc
971 2439 1133 2496 οτ.1119.1
1159 2447 1189 2494 91
1210 2439 1240 2492 Si
1257 2454 1323 2492 vero
1354 2482 1356 2486 .

149 2507 341 2560 ornatissimus
371 2510 483 2562 nostrae
519 2508 641 2562 civitatis
676 2539 709 2547 —
763 2506 849 2560 etiam
867 2507 963 2562 vitiosi
981 2507 1087 2574 aliquid
1101 2509 1152 2573 est,
1171 2507 1200 2560 id
1213 2522 1323 2560 sumere

149 2573 225 2627 diem
243 2573 395 2630 Scaevolae
414 2576 499 2644 dixit,
520 2580 709 2654 posteaquam
763 2576 838 2628 etin
857 2591 891 2629 eo
905 2575 1034 2655 vitiosum
1049 2591 1108 2629 esse
1122 2591 1176 2628 non
1190 2591 1324 2643 magnum

149 2641 710 2778 12121111121111111
762 2642 1000 2764 simlia
1013 2643 1200 2779 usia
1220 2643 1324 2762 aar

463 2751 469 2776 2
837 2752 844 2776 t
1189 2752 1194 2771 ⁸
1316 2749 1324 2776 7

149 2777 328 2830 accusaturus
351 2780 426 2830 esset
448 2793 525 2842 eum,
572 2794 635 2831 uem
658 2793 710 2845 pro
761 2794 863 2831 nervos
896 2779 925 2831 in
964 2777 1083 2832 dicendo
1116 2778 1146 2833 C.
1172 2777 1322 2843 Fimbriae,

149 2843 290 2911 dignitate
302 2860 344 2921 ¹nc
363 2843 479 2897 laudare
498 2795 612 2912 quiiem
634 2847 709 2922 quis-
762 2860 832 2922 quos
849 2849 944 2922 tamen
962 2845 1064 2923 habuit
1082 2845 1144 2912 ille,
1168 2860 1224 2898 non
1243 2844 1323 2898 adse-

150 2927 236 2979 quam
255 2913 323 2965 satrs
341 2912 487 2965 commode
505 2915 613 2978 posset,
632 2913 711 2966 arunt
763 2914 872 2977 quitur,
900 2927 956 2965 oris
978 2914 1149 2980 pravitatem
1172 2917 1202 2965 et
1223 2912 1324 2965 verbo·

149 2978 304 3043 hominem,
319 2984 352 3032 at
366 2985 425 3033 crat
442 2979 575 3045 famosas,
594 2994 710 3048 respon·
761 2995 824 3031 rum
852 2979 1032 3033 latitudinem
1060 2979 1196 3034 imitatur.
1233 2979 1273 3032 Ill
1291 2986 1325 3033 50

150 3048 236 3112 disse,
262 3047 337 3124 quod
355 3063 411 3100 non
428 3048 521 3100 toturn
539 3048 628 3101 telum
650 3064 711 3101 cor·
763 3049 795 3110 (s.
812 3045 1003 3114 Pomponius).

149 3117 713 3302 crsrrclirqssaami
762 3113 1325 3259 1111111121111111

148 3251 186 3302 im
205 3250 363 3307 J.100m1t
412 3267 494 3307 arius.
764 3248 843 3302 ‘Post
861 3249 903 3302 Τι.
917 3248 1006 3303 Gracc
1027 3266 1037 3301 r
1058 3250 1176 3302 mortem
1195 3250 1326 3301 triumvlr

183 3316 216 3373 c.
235 3317 404 3374 Flaminius
423 3325 469 3384 57,
489 3324 530 3374 77.
566 3317 627 3376 Cat,
645 3317 711 3371 mai.
763 3315 838 3384 agris
857 3316 1018 3369 dividundis
1030 3333 1092 3370 cum
1107 3315 1135 3368 O.
1149 3315 1276 3369 Graccho
1295 3316 1325 3370 et

152 3391 181 3436 11
202 3385 250 3450 qui
269 3383 311 3450 (Q.
325 3384 428 3439 Fabius
446 3386 594 3452 Maximus)
615 3386 712 3438 consul
764 3383 792 3437 Ο.
812 3383 939 3438 Carbone
963 3386 1085 3450 creatus,
1111 3383 1226 3452 plebem
1252 3383 1325 3438 sedi·

149 3452 251 3506 ilerum
284 3452 333 3517 (im
359 3453 383 3510 J.
410 3459 485 3521 228),
516 3452 561 3506 S.
590 3452 711 3507 Carvilio
763 3453 842 3507 tiosis
861 3453 1039 3506 contionibus
1062 3451 1226 3514 concitavit,
1250 3451 1323 3504 Afri-

152 3518 262 3586 collega
300 3519 449 3597 uiescentc,
469 3471 711 3597 C.Fiisminiotri·
764 3535 921 3586 canumque
947 3520 1002 3588 ipsi
1029 3518 1200 3596 collegisque
1224 3519 1325 3573 adver-

150 3587 227 3640 buno
245 3587 292 3654 ple
314 3603 346 3651 rs,
365 3588 458 3654 quoad
476 3590 578 3657 potuit,
599 3589 712 3654 restitit,
764 3589 872 3641 sautem
890 3603 943 3656 pro
961 3587 1057 3640 rostris
1070 3586 1202 3640 conv1c1is
1240 3587 1323 3640 rosci-

151 3671 249 3722 agrum
267 3654 409 3708 Piceatem
433 3659 462 3709 et
484 3656 623 3710 Gallicam
645 3657 711 3709 uiri·
763 3655 826 3710 dit’.
853 3655 959 3708 Konsul
972 3655 1010 3707 im
1022 3655 1048 3708 J.
1062 3661 1111 3708 125
1128 3654 1182 3708 mit
1224 3655 1324 3712 ,Plau-

150 3724 201 3777 iim
236 3728 334 3777 comica
367 3728 481 3776 samaias
519 3725 711 3778 auctoritatem
762 3723 818 3775 tius
830 3721 988 3791 Hypsaeus.
1014 3722 1052 3775 Er
1069 3723 1135 3777 kam
1151 3728 1196 3776 121
1216 3723 1262 3777 bei
1276 3723 1325 3776 der

151 3789 300 3854 dividenti,
323 3805 469 3858 augurque
488 3807 551 3843 cum
570 3793 650 3856 esset,
670 3791 710 3844 di·
762 3789 1000 3858 Untcrdrliclrung
1027 3791 1077 3844 dos
1104 3789 1222 3844 aweiton
1245 3806 1324 3858 grac·

151 3875 214 3912 cere
233 3875 316 3912 ausus
335 3860 384 3919 est,
404 3858 517 3925 optimis
533 3858 664 3925 auspiciis
677 3875 711 3913 ea
763 3857 895 3912 chischen
914 3857 1085 3912 Aufstaudss
1103 3874 1159 3914 um.

150 3926 224 3994 geri,
250 3942 322 3994 quae
340 3941 392 3993 pro
410 3925 600 3994 reipublicae
618 3925 709 4004 salute
796 3925 882 4004 Serv.
894 3927 1019 3982 Fulvius
1030 3926 1184 4046 (Flaccusg
1195 3925 1325 4003 81;Kon·

152 3994 720 4140 trititiam.astitisti:,
764 3993 997 4117 aliialii
1011 3989 1325 4138 tristissimi:

152 4128 187 4181 de
205 4145 262 4181 mv.
281 4129 307 4182 Il
325 4134 358 4182 12
382 4128 411 4182 C.
429 4128 595 4206 Flaminius,
618 4146 642 4181 is
664 4130 714 4206 qui
764 4128 861 4182 consul
884 4077 1028 4182 Variaeos
1054 4145 1084 4180 ru
1110 4127 1225 4196 Illyrico
1259 4127 1324 4181 sub-

151 4195 249 4249 consul
262 4213 322 4250 rem
334 4196 408 4250 male
419 4197 508 4265 gesat
519 4196 596 4250 bello
605 4197 712 4250 Punico
765 4197 831 4266 egit.
863 4195 935 4250 Vell.
955 4197 967 4249 1
989 4203 1019 4250 10
1037 4195 1146 4264 Aspera
1163 4195 1237 4249 circa
1253 4195 1324 4250 haec
1392 4251 1394 4256 ,

150 4262 275 4316 secundo
295 4263 343 4329 (im
360 4261 384 4316 J.
398 4263 473 4333 217),
497 4280 560 4318 cum
583 4264 713 4318 tribunus
763 4264 893 4332 tempora
919 4279 1036 4317 censura
1057 4263 1149 4317 Fulvii
1175 4263 1268 4318 Flacci
1294 4265 1324 4317 ct

151 4329 245 4400 plebis
255 4333 337 4398 esset,
349 4330 439 4386 invito
450 4334 548 4386 senatu
559 4333 587 4387 et
600 4332 712 4386 omnino
764 4331 900 4385 Postumii
919 4330 1013 4385 Albini
1030 4330 1091 4388 fuit.
