3050 4848
158 313 163 326 ⁸
247 247 290 312 94
576 243 937 314 accresceretur.
968 249 1009 312 ar,
1030 249 1087 304 103.

247 399 345 464 tionis
375 401 407 463 et
434 397 519 462 idem
547 397 639 463 stilus
662 435 713 480 -,
741 417 801 462 nec
828 397 866 461 de
896 397 1007 462 Persic
1033 397 1214 463 reticuisset
1242 399 1424 486 Gracchus,

246 505 318 549 cum
340 484 369 548 ei
386 481 529 547 Fannius
544 483 583 546 de
598 482 748 548 Menelao
769 481 959 546 Maratheno
982 480 1074 546 etde
1096 485 1210 548 ceteris
1233 484 1424 570 obiecissem

245 569 434 653 praesertim
457 589 530 632 cum
553 567 698 632 Fannius
720 588 895 650 numquam
922 567 966 631 sit
986 567 1118 632 habitus
1140 567 1289 652 elinguis.
1335 570 1426 636 Nam

248 656 281 718 et
303 675 414 718 causas
437 651 646 717 defensitavit
669 656 702 716 et
723 651 907 716 tribunatus
930 652 1007 735 eius,
1030 651 1163 718 arbitrio
1180 657 1213 717 et
1227 655 1425 721 auctoritate

180 753 227 802 101
244 738 281 803 P.
298 737 446 802 Africani
469 741 587 821 gestus,
611 758 678 802 non
701 736 853 801 obscurus
875 736 949 801 fuit.
986 736 1080 801 Alter
1102 740 1208 802 autem
1225 740 1259 804 0.
1275 738 1451 806 Fanniuse

244 822 288 888 M.
311 823 414 902 filius,
445 821 480 887 Ο.
504 820 607 886 Laelii
627 842 742 907 gener,
772 825 805 886 et
832 821 977 885 moribus
1000 821 1123 905 etipse
1151 825 1424 907 generedicendi

244 908 362 971 durior.
406 905 438 970 Is
461 906 565 971 soceri
587 907 755 990 inst'tut0,
778 927 887 990 quem,
917 906 992 990 quia
1014 909 1182 991 cooptatus
1204 909 1240 972 in
1261 931 1423 995 augurum

244 993 325 1056 colle
352 992 418 1056 'um
439 1012 506 1055 non
529 993 612 1072 erat,
641 1012 708 1055 non
731 991 900 1056 admodum
928 990 1096 1075 diligebat,
1125 995 1317 1076 praesertim
1346 1017 1422 1061 uum

243 1076 298 1140 ille
321 1011 561 1152 &Scaevolam
584 1076 645 1140 sibi
672 1077 832 1140 minorem
860 1079 941 1140 natu
968 1096 1122 1160 generum
1150 1079 1357 1160 praetulisset
1382 1119 1421 1130 -

244 1161 295 1226 cui
318 1165 426 1226 tamen
441 1160 568 1225 Laelius
591 1182 624 1224 ee
648 1182 803 1225 excusans
823 1182 891 1225 non
912 1180 1031 1245 genero
1046 1161 1164 1226 minori
1184 1162 1265 1227 dixit
1280 1185 1313 1228 se
1327 1164 1421 1251 illud,
1435 1186 1459 1225 ro

244 1245 300 1309 sed
322 1245 439 1309 maiori
461 1245 546 1310 filiae
569 1245 720 1310 detulisse
746 1282 794 1328 -,
815 1245 843 1309 is
865 1248 975 1309 tamen
1001 1246 1151 1312 instituto
1173 1246 1274 1313 Laelii
1296 1248 1422 1316 Panae-

208 1377 209 1382 η
242 1332 324 1395 tium
346 1329 521 1395 audiverat.
558 1330 637 1394 Eius
660 1331 763 1394 omnis
785 1332 821 1394 in
844 1330 978 1394 dicendo
1000 1329 1137 1396 facultas
1159 1327 1296 1397 historia
1317 1335 1422 1418 ipsius

243 1436 309 1479 non
331 1414 533 1499 ineleganter
555 1415 674 1498 scripta
695 1415 835 1499 perspici
881 1417 980 1498 otest,
1008 1436 1091 1498 quac
1119 1437 1223 1500 neque
1251 1418 1349 1483 nimis
1373 1425 1422 1486 est

178 1499 352 1564 lorinsecus
375 1521 479 1583 neque
500 1499 644 1583 perfecte
667 1499 793 1564 diserta.
873 1501 963 1564 ucius
985 1502 1093 1565 autem
1116 1523 1219 1586 augur
1246 1503 1332 1586 quod
1360 1526 1421 1589 pro

241 1606 275 1733 i⁰
294 1587 482 1734 fitted
508 1583 1420 1740 uellet2..thimemrt1mmlcum
1433 1608 1456 1648 ¹⁵

240 1754 428 1838 tellegentia
449 1757 546 1838 atquc
569 1754 658 1818 omni
679 1754 871 1838 prudentiae
893 1774 1011 1838 genere
1026 1719 1198 1838 praeitit't.
1235 1756 1272 1824 L.
1290 1757 1419 1826 Caelius

241 1839 414 1921 Antipater
440 1840 590 1922 scriptor,
613 1838 880 1922 quemadmodum
902 1838 1033 1922 videtis,
1061 1838 1124 1904 fuit
1152 1845 1189 1905 ut
1215 1844 1419 1926 temporibus

240 1923 305 1986 illis
321 1923 519 2020 luculentus,
540 1924 620 1988 iuris
635 1923 728 1989 valde
742 1924 876 2007 peritus,
898 1924 1073 1989 multorum
1089 1926 1186 1990 etiam
1204 1929 1242 1990 ut
1257 1927 1294 1992 L.
1311 1929 1420 1995 Crassi

138 2095 182 2162 27
194 2011 452 2158 leemaglliiriam
467 2093 502 2156 in
517 2091 565 2156 Ti.
583 2092 729 2158 Graccho
746 2092 892 2190 Gaioque
908 2092 1053 2191 Carbone
1074 2093 1150 2191 talis
1173 2116 1263 2160 mens
1286 2097 1328 2161 ad
1350 2120 1419 2164 rem
1431 2032 1454 2072 ²⁰

241 2178 405 2262 publicam
426 2177 508 2242 bene
530 2179 703 2262 gerendam
725 2177 853 2257 fursset,
882 2177 976 2263 quale
998 2199 1165 2264 mgemum
1193 2180 1233 2245 ad
1261 2181 1347 2247 bene
1370 2185 1419 2250 di·

238 2412 346 2467 fassern
365 2411 453 2466 durch
467 2411 721 2490 Vereinigungder
738 2428 800 2467 ver·
884 2420 908 2468 9.
938 2415 992 2468 sebi
1019 2414 1152 2469 minorem
1180 2421 1253 2470 mota
1284 2433 1418 2488 cameram

238 2480 410 2534 sehiedenen
432 2479 625 2534 Bestandterle
650 2497 685 2532 zu
708 2480 799 2534 einem
850 2481 909 2535 ihm
922 2481 1057 2547 (Fannius
1074 2483 1116 2536 als
1135 2483 1198 2537 dem
1216 2483 1346 2608 alterenp)
1360 2487 1417 2543 den

240 2547 355 2602 Ganzen
372 2547 719 2617 zusammengeschweisst.
846 2549 987 2619 jr’ingeren
1031 2549 1272 2618 Schwiegersohn.
1348 2557 1418 2611 arch

273 2629 357 2668 somma
375 2643 408 2654 -
429 2615 482 2668 wie
507 2615 541 2668 de
560 2617 618 2683 opt.
638 2631 701 2683 gen.
724 2631 763 2674 or.
785 2622 799 2668 1
850 2617 926 2671 diese
951 2618 1245 2689 Gegentberstellung
1268 2619 1343 2675 wird
1365 2624 1418 2678 das

240 2683 270 2736 et
286 2682 315 2735 in
333 2681 434 2736 ceteris
452 2699 518 2735 suus
532 2684 581 2736 est
592 2682 637 2736 cui
658 2698 693 2736 ue
706 2685 798 2737 certus
849 2702 907 2740 non
925 2685 999 2739 adm.
1013 2685 1091 2754 dilig.
1105 2686 1230 2741 schhrfor
1243 2687 1417 2757 begrfindet.

239 2765 322 2802 sonus
349 2751 380 2804 et
405 2750 544 2818 quaedam
569 2750 628 2805 inte
652 2751 799 2820 egentibus
879 2770 1060 2836 praetulisset
1081 2770 1130 2824 bei
1152 2771 1217 2825 dem
1238 2772 1418 2830 Aufnahme.

241 2819 310 2871 nota
327 2831 390 2871 vox·
791 2886 797 2897 ,
849 2836 1005 2905 Vorschlag
1022 2855 1086 2891 zum
1103 2839 1212 2906 Augur.

274 2891 296 2938 l·
316 2885 389 2939 idem
403 2886 528 2940 mim&
544 2885 799 2940 wibenffi'fffflmh
885 2927 924 2978 10.
946 2922 1020 2976 illud
1038 2920 1089 2976 das
1106 2922 1346 2993 Ehrengescheuk
1364 2927 1418 2984 des

238 2953 372 3034 0‘2303'552
506 3021 512 3032 .
849 2991 1001 3058 Augurats.

271 3025 425 3076 retccmcsset
437 3051 467 3062 -
487 3038 533 3076 em
552 3024 750 3090 argumentum
763 3039 797 3077 ex

237 3089 363 3144 silentio:
377 3090 518 3144 Gracchus
531 3090 627 3144 wtirde
638 3089 696 3144 sich
707 3090 799 3145 sicher
885 3079 923 3128 Π·
944 3079 1038 3128 tamen
1055 3079 1097 3132 ⁷⁵·

237 3157 325 3211 durch
344 3157 425 3212 einen
443 3157 589 3212 ihuliehcn
608 3156 740 3212 Vorwurf
754 3174 798 3212 re·
882 3159 985 3212 maiom‘
1001 3159 1078 3226 silice
1096 3159 1141 3214 die
1153 3176 1189 3214 an
1202 3159 1341 3217 Scaevola
1354 3180 1419 3218 ver-

237 3223 382 3279 vanchiert
399 3225 505 3286 haben,
529 3225 583 3280 wie
606 3225 656 3278 ihn
676 3225 798 3279 Fannius
849 3225 973 3280 heiratet
990 3243 1057 3280 war.
1086 3227 1128 3280 Im
1148 3226 1250 3282 Schera
1269 3231 1417 3286 entschul-

237 3293 371 3412 gemacht
387 3293 479 3347 hatte:
500 3301 543 3347 ‘er
559 3293 632 3348 habe
650 3293 703 3347 mit
714 3295 798 3347 frem-
850 3293 929 3361 digte
952 3293 1011 3348 sich
1029 3293 1140 3348 Laelius
1162 3311 1255 3364 gagen
1277 3296 1415 3368 Fannius,

257 3376 302 3414 em
330 3359 421 3414 Kalbe
450 3360 579 3430 gepflr'igt
613 3362 671 3414 und
701 3362 797 3416 seinen
850 3360 900 3414 der
917 3361 976 3415 sich
994 3362 1206 3430 zurdckgeeetat
1226 3364 1358 3432 glaubte‚
1384 3383 1416 3422 es

237 3425 342 3482 Lehrer
359 3427 498 3485 benutat’.
850 3429 891 3482 sei
908 3429 980 3483 doch
992 3446 1064 3498 ganz
1076 3430 1106 3483 in
1118 3431 1170 3485 der
1182 3431 1331 3502 Ortnnng,
1350 3435 1418 3489 dass

271 3502 295 3548 2.
322 3495 355 3549 de
373 3496 468 3549 ceteris
485 3512 522 3549 sc.
540 3496 683 3565 magistris
702 3501 760 3550 104.
849 3495 895 3550 die
913 3496 1000 3550 altere
1019 3496 1142 3553 Tochter
1159 3498 1215 3554 den
1233 3499 1351 3570 Voraug
1368 3517 1416 3556 er·

272 3569 297 3616 3.
316 3563 481 3628 praesertim
498 3579 560 3616 cum
577 3593 611 3602 -
628 3563 683 3616 Um
701 3580 731 3618 so
749 3564 797 3617 be·
848 3563 935 3622 halte.

238 3629 392 3696 rechtigter
413 3629 451 3682 ist
477 3629 522 3683 die
544 3630 705 3698 Anuahme,
735 3631 797 3685 dass
884 3654 924 3704 17·
943 3648 1114 3716 prudentiae
1132 3654 1172 3705 97·

239 3697 285 3752 die
303 3713 354 3750 uns
367 3696 512 3750 erhaltene
523 3697 602 3752 Reda
615 3699 664 3752 des
675 3698 797 3752 Fannius
884 3738 924 3788 18·
945 3734 1174 3802 quemadmodum
1185 3735 1288 3792 videtis
1299 3737 1416 3794 Atticus

237 3764 371 3897 ieffiiffig
391 3763 433 3886 ἓξ
445 3764 571 3885 ffi}
583 3767 797 3904 ῗξζὲξξξξξὲῗ
848 3801 906 3854 une
924 3801 1026 3856 amus
1043 3801 1143 3857 haccon
1165 3802 1215 3857 aas
1233 3803 1417 3861 cesennam-

237 3899 594 3969 keicnichtgefehlthac.
848 3869 926 3922 werk
944 3869 1067 3938 celeseu-

273 3974 297 4023 5.
315 3967 513 4046 mcmcbscwrm
530 3968 602 4022 eben
621 3969 797 4024 durchseine
864 3956 912 4074 ,fig
941 3954 974 4032 1,ss
1003 3954 1054 4009 der
1088 3954 1239 4012 zweiifln
1270 3957 1414 4028 GruPl)e

239 4037 406 4106 opposmon
423 4051 516 4104 gogen
535 4035 564 4090 c,
577 4036 728 4096 Gracchus·
849 4038 892 4075 sm
930 4021 976 4076 dre
993 4023 1266 4091 hervorragendsten
1283 4025 1415 4081 Redner:

272 4111 296 4160 o,
323 4107 464 4170 cooptat&
486 4119 524 4159 ω,
548 4104 584 4159 ab
606 4121 648 4163 30·
683 4104 798 4170 Quintil·
849 4089 984 4144 zun'achst
1017 4089 1058 4144 Ti.
1081 4089 1254 4146 Gracchus
1292 4094 1352 4148 und
1381 4094 1415 4150 O.

236 4173 288 4229 Vll
306 4178 331 4239 a,
351 4178 390 4226 12.
850 4156 958 4212 Carbo
979 4164 1112 4214 103-10‘1
1130 4160 1211 4228 (110).

272 4247 297 4298 8.
317 4255 374 4295 mom
392 4239 540 4295 admodum
558 4240 691 4310 dilipebct
710 4241 799 4295 ‘nicht
883 4247 924 4296 21.
936 4258 1012 4298 mem
1025 4241 1340 4313 Gesinnung‚Willaus·
1352 4247 1415 4301 und

238 4309 391 4367 besonders
409 4310 461 4378 gut
477 4316 556 4364 war’.
850 4309 1101 4381 Geistesrichtung.
