3050 4848
205 225 267 290 110
645 220 788 277 annuus
807 226 849 290 au,
869 227 926 277 140.

204 376 356 462 loquendi
377 375 472 440 laude
492 375 595 441 caruit
616 396 721 459 neque
742 377 853 439 tamen
875 377 925 440 est
946 373 1116 439 admodum
1138 375 1308 460 inquinate
1328 377 1377 444 lo-

203 466 296 528 cutus
319 501 373 540 —‚
397 460 451 526 sed
473 461 544 544 illa,
569 481 651 544 quae
672 459 804 544 propria
825 458 895 524 laus
917 460 1052 525 oratoris
1075 461 1180 525 estin
1202 462 1318 540 verbis,
1336 499 1375 511 —

201 568 276 613 nam
299 547 404 631 ipsum
426 545 542 610 Latine
564 545 651 630 loqui
673 547 723 610 est
744 544 824 610 illud
847 543 991 629 quidem,
1020 548 1058 610 ut
1078 545 1176 630 paulo
1199 551 1275 611 ante
1298 548 1376 630 dixi,

201 634 235 697 in
258 653 378 717 magna
398 630 492 695 laude
507 631 701 714 ponendum,
725 629 781 694 sed
802 647 868 694 non
892 631 959 694 tam
974 651 1032 693 sua
1048 634 1163 714 sponte
1179 652 1275 714 quam
1290 633 1377 716 quod

201 719 250 782 est
272 737 291 780 a
311 717 473 800 plerisque
495 715 693 800 neglectum:
715 735 782 779 non
804 714 891 779 enim
913 718 980 779 tem
1001 715 1201 800 praeclarum
1224 719 1273 781 est
1295 717 1402 796 scire5

201 802 314 866 Latine
336 822 433 899 quam
460 801 556 898 turpe
581 800 721 898 nescire,
749 819 855 896 neque
881 798 1005 864 tamid
1031 798 1112 864 mihi
1134 801 1271 867 oratoris
1298 802 1377 867 boni

200 882 923 1054 lttrtltdltzlltlltltdigiti
939 885 1377 1055 mtpttttitttt

200 1056 369 1141 ponderis,
398 1057 431 1153 et
457 989 653 1120 ondloeandie
682 1057 715 1119 et
737 1054 1021 1153 comprehensione
1049 1055 1267 1120 devinciendis
1294 1057 1376 1121 nihil

199 1162 269 1206 non
291 1140 331 1205 ad
354 1143 512 1204 rationem
535 1142 567 1204 et
586 1142 752 1223 tamquam
774 1137 815 1203 ad
832 1141 933 1203 artem
948 1137 1123 1224 d1ngebat3
1146 1161 1257 1206 verum
1272 1143 1375 1208 multo
1389 1181 1416 1220 10

200 1226 306 1310 magia
321 1225 382 1290 hoc
396 1223 482 1289 idem
497 1225 532 1289 in
548 1225 781 1290 sententiarum
796 1223 996 1290 ornamentis
1012 1227 1045 1288 et
1057 1224 1375 1292 conformationibus.

200 1391 265 1443 vor,
282 1393 390 1432 warum
408 1391 440 1430 er
456 1374 507 1431 dae
524 1391 579 1431 von
593 1375 691 1444 jedem
709 1374 762 1430 Ge·
813 1373 965 1443 sichtigten
1005 1375 1135 1431 Zweclrea
1176 1377 1375 1434 erforderliohe

199 1444 326 1500 bildeten
355 1443 479 1498 unbedin
502 1445 514 1498 t
543 1461 577 1497 au
611 1443 761 1497 fordemde
813 1441 1027 1496 Wirkaamlreit.

199 1512 300 1566 Latine
317 1512 396 1580 loqui
414 1461 501 1564 niehd
511 1511 552 1565 ale
564 1510 761 1566 reduerischen
847 1516 872 1567 9.
891 1525 949 1564 com
986 1510 1130 1588 abennem
1141 1512 1330 1569 devinciendis
1342 1519 1376 1569 34

199 1580 314 1658 Vorzug
335 1579 479 1646 auffdbre‚
503 1578 561 1632 und
583 1579 664 1649 giebt
687 1579 762 1632 daun
814 1577 964 1657 Abscblus
981 1578 1105 1657 m1ttelet
1114 1579 1165 1633 der
1178 1580 1375 1701 zemodischen

200 1648 328 1715 erst‚m1t
339 1645 697 1715 sedtamenanlmdpfend,
708 1646 762 1700 den
813 1645 909 1709 Fortu,
928 1663 957 1700 m
976 1645 1027 1700 der
1043 1646 1182 1701 Perroden
1202 1647 1309 1718 ildung.

199 1714 376 1771 besonderen
394 1714 553 1770 Charakter
570 1714 622 1769 der
638 1714 761 1769 elocutio
849 1719 889 1769 10.
904 1714 1090 1769 adactionem
1102 1715 1288 1783 methodium,
1301 1718 1374 1770 nach

200 1784 249 1838 dee
267 1786 382 1852 grossen
398 1782 527 1837 Redners
544 1797 592 1838 an.
811 1781 904 1836 einem
926 1780 1107 1837 bestimmten
1132 1781 1216 1850 Plan,
1246 1783 1299 1838 wie
1327 1785 1373 1840 ein

234 1859 256 1906 1.
284 1851 431 1919 inquinate
456 1850 496 1903 im
520 1848 679 1918 Gegeneata
704 1864 760 1903 von
812 1849 988 1918 geschichter
1005 1849 1149 1905 Feldherr.

198 1919 275 1975 recte
294 1925 356 1986 2583
377 1933 408 1972 er
425 1917 487 1973 liels
506 1916 566 1972 sich
584 1917 760 1972 soblechthin
844 1922 987 1986 tamquam
1013 1918 1052 1972 nd
1077 1923 1164 1973 artem
1191 1917 1271 1972 Nach
1294 1919 1374 1976 einer

197 1987 281 2042 keine
311 1985 525 2065 Sprachfehler,
560 1984 759 2042 Barbariemen
810 1984 1037 2106 kulfltmffiffien
1052 1985 1171 2041 Theorie
1189 1986 1373 2042 veriuhrAn-

198 2055 267 2111 oder
284 2053 456 2110 Soldzrsmen
474 2071 508 2107 au
525 2052 662 2108 schulden
679 2053 759 2107 kom-
811 2054 905 2106 tomus
922 2054 1010 2120 meh,
1030 2053 1143 2108 obwchl
1161 2071 1191 2108 es
1205 2070 1235 2109 so
1248 2055 1303 2110 den
1315 2056 1373 2109 An·

196 2139 272 2178 men.
307 2121 343 2176 de
362 2124 420 2192 opt.
440 2138 504 2190 gen.
523 2137 564 2176 or.
584 2127 599 2176 ⁷
623 2121 759 2176 ostentm
811 2119 906 2174 echein
935 2120 1028 2185 batte,
1065 2120 1186 2176 sondern
1215 2122 1289 2177 nach
1318 2124 1373 2179 den

196 2191 329 2267 vitiosum
347 2189 431 2242 -in
448 2189 556 2267 verbis,
580 2189 605 2242 ei
626 2189 759 2267 inquinn
831 2187 993 2243 raktisehen
1016 2188 1126 2257 Regeln
1149 2189 1263 2259 eigener
1285 2176 1374 2246 ilber-

196 2265 264 2327 tnm,
284 2275 309 2312 si
326 2257 477 2336 abiectum,
497 2271 595 2334 arnon
610 2259 717 2326 aptum,
736 2273 760 2311 s1
810 2205 918 2326 fegung
935 2255 994 2309 und
1010 2256 1182 2326 Erfahrung.

197 2328 313 2391 durum,
335 2342 358 2378 ει
376 2325 460 2394 longe
477 2325 607 2393 petitum.
644 2324 690 2379 Or.
711 2329 759 2379 168
846 2329 886 2378 11.
916 2325 1118 2380 sententiarum
1146 2327 1319 2382 criminantis
1347 2332 1374 2382 et

196 2392 432 2462 istKakophonie
451 2408 486 2446 au
503 2392 568 2446 dem
580 2391 759 2458 inquinatum
811 2390 1108 2457 confommtione'bno-
1125 2393 1182 2448 Aul
1219 2394 1373 2449 sentemia-

197 2460 358 2532 gerechnet
810 2476 874 2512 rum
892 2459 955 2526 (das
974 2460 1045 2514 auch
1058 2478 1092 2514 au
1105 2461 1372 2517 conformationibus

231 2535 256 2583 2.
275 2528 323 2582 sed
340 2528 393 2582 itta
410 2544 447 2583 ac.
465 2526 553 2581 verba
570 2527 633 2595 ipsa
650 2528 692 2595 (et
710 2527 759 2581 eli·
811 2526 922 2605 gehbrt)
935 2527 1007 2598 liegt
1019 2528 1071 2582 der
1082 2527 1263 2585 Naehdruck.
1286 2529 1374 2585 Nicht

196 2595 285 2669 gebat
303 2598 332 2650 et
350 2595 510 2650 collocabat
527 2597 557 2649 et
575 2595 758 2663 comprehen-
809 2612 839 2648 m
873 2594 924 2649 der
955 2595 1119 2651 Anwendun
1156 2614 1230 2655 ,von
1259 2597 1373 2653 Wort·

196 2666 275 2719 sione
296 2663 339 2717 ita
355 2662 537 2717 devinciebat
553 2664 586 2716 ut
609 2663 704 2717 omnia
721 2664 758 2717 ad
809 2662 932 2732 figurem
954 2678 1011 2718 von
1033 2663 1088 2719 den
1135 2663 1249 2720 riechen
1272 2663 1373 2735 τρόποι

196 2732 336 2788 rationem
360 2733 390 2785 et
411 2732 558 2796 tamquam
580 2731 671 2786 artem
693 2731 760 2784 diri·
809 2729 849 2784 im
862 2746 985 2799 engeren
997 2731 1066 2786 Sinn
1078 2734 1212 2803 genannt‚
1225 2733 1303 2804 zeigt
1313 2735 1373 2790 sich

195 2797 760 2936 estletheinstituisti?
810 2797 1373 2938 tttldttltlttitlllttnttt

195 2939 266 3005 sung
282 2936 313 2988 in
330 2934 514 2990 verandener
531 2933 613 2989 Form
634 2933 689 2989 auf.
810 2935 957 3002 orationis,
976 2934 1021 2990 die
1041 2936 1086 2990 bei
1105 2936 1159 2991 den
1178 2935 1371 3007 griechischen

229 3010 254 3060 3.
272 3003 361 3073 ponto
378 3008 443 3058 onte
461 3007 518 3061 133.
571 3070 577 3081 .
808 3001 953 3081 ithetoren
965 3000 1097 3073 σχήματα
1110 3003 1218 3084 heileen
1231 3005 1297 3083 (6.9),
1313 3006 1371 3060 und

193 3069 758 3218 adsffldbiitlbilllllrlffl
809 3068 1006 3218 biblii?
1021 3073 1371 3211 ἕῖξῖιὶἓῗθὲῗαὶῗιῗὲζ

193 3209 246 3288 tir,
264 3180 328 3262 ned
346 3222 377 3261 so
396 3207 439 3261 oft
456 3206 587 3276 dagegen
600 3205 757 3260 ventossen
810 3204 860 3260 der
886 3210 1088 3284 sententeonnn
1114 3216 1293 3287 ornamenta,
1322 3225 1370 3279 ge-

194 3276 273 3331 wrrd.
808 3271 877 3326 rade
889 3288 944 3327 wre
956 3273 1015 3328 drea
1025 3275 1097 3329 auch
1107 3276 1155 3330 be1
1164 3275 1369 3332 Demosthenes

228 3349 253 3399 7.
276 3343 345 3397 cinis
360 3343 484 3397 Romani
504 3345 562 3396 261.
596 3342 644 3397 sed
664 3345 759 3396 tumen
809 3339 860 3394 der
871 3339 934 3395 Fall
944 3357 1011 3399 war.
1030 3341 1076 3401 Or.
1089 3348 1140 3397 134
1149 3343 1178 3397 ff.
1197 3345 1371 3414 secutorem

193 3411 247 3466 Die
273 3409 374 3464 Sttrke
401 3410 450 3464 des
473 3409 611 3464 Antonius
635 3408 756 3464 beetand
807 3407 950 3462 verboram
979 3414 1005 3464 et
1039 3410 1232 3467 collocutorum
1260 3414 1371 3468 turnino

195 3479 253 3532 also
268 3477 449 3531 hineichtlich
463 3477 514 3532 der
526 3477 648 3533 elocutio
663 3477 693 3530 in
706 3477 756 3530 der
808 3475 860 3529 atti
883 3476 964 3543 'mum
992 3477 1067 3533 daun
1092 3484 1141 3534 ltt
1163 3478 1270 3535 Eadem
1295 3481 1369 3536 ratio

193 3544 468 3612 woblberechneten,
488 3544 755 3614 praktischaweck·
808 3544 852 3598 eet
889 3559 969 3598 orum
992 3561 1065 3612 quae
1088 3548 1153 3601 sunt
1174 3549 1311 3604 cretionis
1328 3550 1370 3604 ln·

192 3611 332 3681 mltseigen
376 3611 476 3681 Wahl,
523 3610 654 3682 Stellnng
698 3611 756 3666 und
806 3611 891 3671 mina.
911 3617 960 3666 tae
986 3612 1042 3668 Sed
1063 3616 1264 3672 sententiarum
1288 3631 1369 3672 ornn-

193 3679 403 3737 Pariodisierun
442 3680 494 3734 der
509 3680 618 3739 Worto.
806 3685 900 3734 menna
926 3680 1034 3737 maiora
1063 3684 1139 3748 eunt;
1170 3684 1272 3752 quibus
1301 3684 1370 3752 quia

228 3755 253 3804 8.
273 3765 309 3803 ne
326 3748 390 3804 nei
421 3749 513 3818 ipsene
530 3747 665 3803 wlthrend
683 3747 755 3802 doch
806 3748 1034 3817 frequentissime
1049 3749 1253 3807 Demosthenes
1270 3752 1369 3820 utitur,

193 3817 298 3888 genade
338 3816 378 3872 'er
394 3816 423 3870 in
439 3816 489 3872 der
500 3815 592 3885 Regel
605 3816 650 3871 die
662 3815 755 3870 Ruen—
808 3817 873 3870 sont
895 3816 945 3886 qui
966 3819 1071 3887 putent
1095 3818 1201 3874 idcirco
1228 3819 1289 3875 eius
1312 3820 1369 3875 elo·

194 3886 267 3941 sicht
289 3884 339 3938 auf
358 3884 405 3940 die
428 3883 581 3939 Sohbnheit
608 3884 663 3939 den
684 3885 754 3938 Aus—
805 3884 955 4005 {nondam
971 3886 1093 3942 maxime
1112 3903 1172 3943 esee
1184 3888 1367 3943 laudabilem.

194 3954 293 4022 scblag
310 3953 398 4032 gicht.
829 3951 844 4005 t
869 3968 935 4007 vero
961 3953 1055 4008 nullus
1077 3954 1138 4010 fere
1165 3958 1201 4011 ab
1229 3972 1262 4011 eo
1288 3956 1368 4012 locus

228 4023 332 4092 tepore
347 4020 435 4076 Nicbt
447 4020 554 4075 sowohl
570 4019 644 4075 nach
657 4019 754 4075 hethe-
805 4019 865 4074 sine
883 4019 1007 4098 quadam
1024 4022 1243 4088 conformatione
1258 4029 1368 4079 semna-

192 4089 301 4145 tisoben
317 4087 575 4157 Gesichtepunlrten
596 4087 700 4143 wltblte
724 4103 754 4142 er
804 4087 862 4142 tine
874 4087 978 4143 dicitur
982 4111 991 4168 3
1003 4105 1056 4144 nec
1068 4091 1222 4158 quidquam
1235 4093 1278 4147 est
1289 4091 1368 4146 aliud

192 4158 240 4212 die
280 4157 394 4225 Worte,
433 4156 555 4212 sondern
591 4155 665 4210 nach
703 4154 755 4210 der
806 4154 914 4226 dicere,
935 4156 992 4210 nier
1012 4173 1108 4212 omnes
1132 4161 1183 4213 aut
1206 4160 1283 4215 certe
1305 4159 1367 4228 ple-

192 4225 345 4280 Ruchsicht
371 4224 423 4279 auf
451 4225 506 4279 den
539 4223 646 4293 Effeht,
676 4222 703 4278 d.
726 4223 754 4279 h.
804 4239 907 4290 raeque
920 4224 1016 4291 aliqua
1026 4224 1120 4294 specie
1132 4224 1292 4283 illuminare
1303 4243 1366 4282 sen·

192 4293 255 4348 ihre
289 4311 339 4348 zur
376 4292 552 4364 birreicbung
585 4292 634 4348 des
667 4291 754 4348 beab·
804 4291 918 4347 tendas.
