3016 4846
173 217 235 281 152
550 213 697 269 arturus
716 219 758 280 ea,
772 216 831 266 aas.
855 217 897 278 aa,
912 218 971 270 aaa.

126 443 129 449 ,
171 373 244 432 tura
266 370 379 433 consul
406 368 510 433 factus
540 370 640 447 esset,
671 367 699 431 si
725 365 884 430 rationem
907 366 975 430 eius
1002 365 1114 431 haberi
1143 368 1239 432 licere
1267 369 1348 453 iudi-

29 493 73 530 „a
104 459 108 475 ¹
171 456 278 519 catum
306 458 404 535 esset3
441 475 518 518 narn
547 456 579 517 et
613 451 740 535 plebem
769 450 902 516 tenebat
930 454 963 514 et
990 455 1170 537 equestrem
1199 453 1346 518 ordinem

27 550 30 562 '
170 537 325 603 beneficio
352 539 435 624 legis
463 539 659 602 devinxerat.
704 535 737 599 Is
765 537 896 619 praetor
918 535 1028 600 eodem
1057 537 1123 614 die,
1151 559 1214 622 quo
1236 537 1345 603 Satur-

170 624 266 688 ninus
288 624 437 688 tribunus
466 623 585 707 plebis,
616 621 722 684 Mario
745 627 777 685 et
799 619 914 684 Flacco
938 621 1122 686 consulibus
1144 623 1272 706 publice
1294 632 1344 686 est

170 707 372 789 interfectum
418 707 515 771 homo
551 706 734 771 simillimus
770 704 980 770 Atheniensis
1017 705 1212 791 Hyperboli,
1254 709 1375 773 euiuss

103 804 153 852 225
169 793 411 877 improbitatem
435 797 560 856 veteres
583 793 764 855 Atticorum
793 790 978 854 comoediae
1006 798 1213 857 notaverunt.
1260 789 1344 868 Quos

171 877 243 942 Sex.
264 877 369 942 Titius
399 882 601 957 consecutus,
629 875 726 940 homo
748 875 868 958 loquax
890 897 966 940 sene
989 881 1022 940 et
1043 878 1120 941 satis
1143 882 1263 958 acutus,
1287 878 1343 941 sed

77 989 117 1043 ,a
171 965 237 1026 tam
261 963 381 1026 solutus
405 966 437 1026 et
459 962 567 1026 mollis
589 963 624 1024 in
647 965 748 1046 gestu,
771 969 808 1023 ut
829 960 957 1035 saltatio
973 962 1128 1044 quaedam
1150 966 1342 1038 nasceretur,

172 1049 224 1110 cui
252 1047 417 1112 saltationi
439 1047 543 1110 Titius
571 1067 690 1110 nomen
717 1048 810 1109 esset.
855 1045 907 1109 Ita
929 1046 1106 1110 cavendum
1127 1051 1176 1111 est
1202 1048 1343 1129 nequid

110 1129 155 1194 63
171 1135 205 1195 in
233 1132 359 1215 agendo
382 1132 554 1196 dicendove
584 1130 702 1212 facias,
732 1130 821 1193 cuius
849 1130 989 1195 imitatio
1011 1130 1164 1196 rideatur.
1209 1131 1271 1196 Sed
1301 1131 1342 1196 ad
1357 1153 1389 1192 ro

170 1216 267 1300 paulo
290 1217 487 1300 superiorem
510 1220 648 1280 aetatem
669 1216 790 1278 revecti
812 1236 935 1300 sumus3
958 1237 1045 1280 nunc
1065 1216 1105 1280 ad
1120 1238 1199 1299 eam,
1224 1216 1263 1280 de
1279 1238 1343 1299 qua

173 1303 375 1385 aliquantum
398 1323 507 1365 sumus
528 1300 646 1382 locuti,
670 1303 879 1364 revertamur.

37 1465 40 1473 .
74 1383 155 1446 siaa
257 1385 454 1452 Coniunctus
476 1385 578 1470 igitur
600 1384 735 1468 Sulpicii
757 1386 857 1448 aetati
883 1385 919 1448 P.
938 1384 1100 1449 Antistius
1123 1386 1200 1468 fuit,
1228 1385 1343 1449 rabula

15 1475 29 1522 ‚⁴
171 1492 248 1535 sane
276 1471 467 1555 probabilis,
497 1471 553 1554 qui
580 1469 697 1534 multos
725 1490 797 1533 cum
826 1470 980 1533 tacuisset
1007 1491 1109 1534 annos
1137 1466 1343 1553 neque‘cdri-

170 1557 272 1620 temni
307 1557 427 1638 solum,
462 1558 515 1620 sed
549 1554 676 1619 irrideri
705 1554 801 1618 etiam
834 1555 949 1619 solitus
978 1559 1078 1638 esset,
1113 1555 1148 1619 in
1175 1555 1342 1619 tribunatu
1359 1574 1391 1616 15

171 1641 312 1725 primum
335 1644 449 1705 contra
472 1639 506 1705 Ο.
527 1639 603 1704 Iulii
631 1638 721 1703 illam
744 1639 928 1703 consulatus
956 1641 1145 1722 petitionem
1168 1640 1345 1704 extraordi-

170 1726 296 1790 nariam
320 1747 427 1790 veram
452 1746 582 1789 eausam
604 1745 705 1808 agens
727 1728 777 1787 est
797 1725 966 1807 probatns3
996 1729 1029 1789 et
1051 1746 1089 1789 eo
1111 1725 1231 1809 magis,
1260 1725 1345 1808 quod

50 1031 57 1064 l

172 1928 252 1980 gang
267 1910 316 1964 des
326 1909 414 1964 Volks
431 1911 490 1964 und
508 1910 599 1964 seines
615 1907 732 1963 damali-
784 1908 874 1962 fehlte
889 1908 934 1962 ihr
945 1909 1004 1963 also
1016 1909 1127 1964 beiden:
1147 1909 1192 1963 die
1205 1909 1345 1964 erforder-

172 1994 228 2047 gen
246 1978 366 2032 Fiihrers
385 1976 529 2032 Saturnia.
784 1977 857 2030 liehe
874 1976 956 2031 Ruhe
974 1977 1032 2030 und
1050 1978 1096 2032 die
1113 1977 1211 2046 nbtige
1228 1976 1345 2030 Wfirde.

207 2052 230 2100 1.
250 2047 345 2101 consul
359 2043 733 2112 fmaseaaa-Erwiirde
818 2044 930 2099 saltatio
961 2045 1000 2100 ist
1028 2047 1081 2100 wie
1115 2040 1148 2114 ὄρ
1168 2063 1232 2116 porc
1266 2045 1347 2098 nieht

172 2113 218 2167 die
233 2112 379 2182 MaJ'oritat
397 2115 448 2168 der
461 2113 599 2167 Stimmen
617 2114 662 2166 fiir
675 2111 733 2167 sich
785 2112 859 2190 blois
871 2112 956 2178 Tana,
970 2113 1092 2168 sondern
1104 2065 1230 2182 augieieh
1242 2113 1346 2167 Panto-

171 2182 280 2249 gehabt
297 2182 399 2236 haben.
784 2196 878 2234 mrme.

205 2250 340 2303 rationem
375 2249 470 2303 baberi
511 2247 734 2314 bertielrsichtigt
819 2254 843 2302 9.
862 2253 928 2303 esset
945 2248 996 2302 der
1012 2246 1096 2316 Konj.
1111 2247 1165 2302 wie
1184 2254 1242 2302 218.

172 2317 286 2371 werden
304 2318 351 2371 bei
369 2317 420 2371 der
437 2316 626 2384 Bewerbung.
819 2322 859 2372 10.
878 2317 911 2369 in
922 2316 1029 2384 apendc
1046 2317 1076 2369 in
1091 2315 1184 2381 altem,
1202 2333 1261 2370 was
1279 2333 1345 2368 zum

206 2384 288 2439 licere
327 2385 484 2440 indicatam
525 2389 591 2438 earet
625 2412 658 2423 -
696 2381 733 2434 Es
784 2384 878 2437 motus
900 2384 959 2436 und
987 2385 1095 2451 gestus,
1122 2385 1154 2438 in
1177 2383 1293 2438 dicando
1315 2383 1345 2437 in

172 2453 269 2506 warde
299 2452 376 2516 aber,
412 2451 628 2520 heuptsichlich
657 2450 733 2504 wohl
785 2452 1022 2516 allem‚wasaum
1033 2451 1349 2521 miindlichenVortrag

172 2523 256 2574 unter
285 2520 398 2574 Marius’
425 2519 557 2583 Einflnis,
587 2519 653 2572 dem
683 2518 734 2570 das
784 2521 894 2587 gendrt.

172 2586 274 2640 nobele
284 2587 358 2641 Paar
370 2589 443 2641 doch
458 2605 491 2640 zu
500 2588 569 2641 weit
580 2588 626 2654 gin
651 2627 658 2652 ‚
673 2589 732 2639 ent·
817 2587 899 2642 caiae
910 2586 1031 2640 imitatio
1041 2587 1170 2641 rideatur
1180 2586 1214 2641 de
1225 2602 1263 2640 or.
1274 2586 1348 2642 1190

173 2653 320 2720 sehieden,
347 2654 409 2708 dass
427 2654 478 2708 der
496 2653 597 2708 Pr'ator
615 2603 734 2708 Giaueia
785 2655 817 2708 ut
829 2655 933 2708 multos
946 2655 1103 2708 imitatores
1120 2671 1203 2724 saepe
1217 2655 1346 2723 cognovi,

173 2721 258 2775 sehon
278 2740 325 2775 um
344 2723 393 2776 des
411 2723 505 2776 willan
524 2723 565 2777 als
581 2722 734 2776 Bewcrber
784 2722 966 2790 amantea,
988 2738 1061 2790 quae
1078 2722 1176 2776 facilia
1192 2725 1270 2788 sunt,
1294 2725 1350 2776 aut

172 2790 251 2844 nicht
267 2791 296 2842 in
314 2790 450 2845 Batracht
474 2792 607 2844 kommen
629 2789 732 2849 kenne,
785 2790 871 2845 etiam
888 2790 952 2856 illa,
971 2806 1044 2859 quae
1062 2790 1186 2868 insignia
1204 2806 1236 2844 ac
1251 2805 1346 2858 paene

172 2857 238 2910 weil
265 2858 298 2926 ja
328 2859 480 2926 gesetzlich
510 2858 569 2912 sich
598 2857 733 2911 niemand
784 2858 899 2925 vitiosa,
913 2860 1111 2912 consectantur
1123 2858 1271 2912 imitando.
1295 2857 1345 2915 Or.

172 2925 333 2994 uberhaupt
355 2944 401 2980 um
426 2928 472 2981 ein
494 2927 667 2981 neucsAmt
684 2926 732 2979 be-
785 2932 844 2982 1⁸11.

172 2994 284 3047 werhen
303 2993 392 3058 dirse,
411 2994 546 3048 wahrend
558 3010 589 3048 er
601 2993 674 3047 noch
687 2992 732 3047 ein
819 3000 860 3051 12.
878 2993 1057 3062 aliquantum
1075 3010 1113 3047 sc.
1130 2994 1187 3047 tem
1211 2993 1274 3048 oris.

173 3062 292 3116 anderes
309 3062 447 3117 bekleide.
819 3064 848 3128 ὃ)
871 3061 942 3115 Den
967 3060 1141 3141 ntchslten·
1159 3012 1348 3138 lidergang

206 3137 231 3182 4.
244 3130 356 3198 publice
368 3147 423 3185 von
435 3130 529 3184 Staats
541 3146 650 3198 wagan,
663 3128 689 3182 d.
702 3129 731 3182 h.
782 3147 841 3182 zur
858 3135 934 3184 actae
945 3128 1092 3183 Hortenses
1110 3129 1227 3184 bilden
1244 3131 1347 3183 Antr-

172 3196 731 3262 nachcinemSenatsbesehluss,derden
783 3197 870 3250 etius
889 3198 955 3250 und
974 3195 1119 3250 Sisenna
1137 3203 1281 3252 iit-229.

172 3264 300 3319 Konsuln
323 3267 368 3320 die
390 3265 732 3335 adtigeErmiiehtigung
818 3263 1101 3319 Charakteristilr
1142 3265 1203 3319 des
1244 3264 1345 3319 Anti·

175 3333 294 3388 erteilte.
783 3333 871 3386 atius
892 3337 1037 3390 ait—228.

207 3406 231 3455 6.
248 3407 416 3455 notaverant
434 3407 494 3456 216.
819 3407 860 3456 13.
878 3400 979 3454 rabula
998 3405 1055 3453 180.

208 3475 231 3526 7.
250 3469 354 3536 banaa
371 3487 422 3522 run
445 3467 575 3536 enfertig,
599 3466 731 3537 redselig.
819 3474 1097 3522 lineamentarem
1114 3484 1198 3538 opens
1220 3467 1262 3522 als
1274 3467 1348 3522 Ver-

207 3541 231 3589 8.
264 3536 371 3590 solatas
402 3484 615 3598 sciranienros,
644 3552 732 3602 unge·
783 3537 872 3590 treter
901 3539 951 3589 der
981 3537 1070 3604 guten
1099 3536 1157 3589 und
1192 3537 1345 3604 geraehtsn

172 3602 303 3667 handen,
331 3604 403 3657 ohne
426 3604 481 3657 alle
504 3605 575 3658 feste
598 3603 725 3671 Haltung
785 3602 882 3669 Socha,
901 3603 928 3656 d.
941 3602 968 3657 h.
982 3620 1013 3658 er
1026 3603 1106 3658 hatte
1125 3605 1175 3659 das
1187 3605 1278 3659 Recht
1295 3605 1350 3658 auf

173 3671 282 3739 salopp.
301 3669 395 3736 Quint.
413 3671 453 3723 XI
470 3679 494 3736 3,
512 3677 559 3725 145
582 3670 683 3737 Itaque
701 3643 734 3723 ul
784 3671 876 3726 seiner
894 3670 979 3726 Seite.
1015 3673 1050 3725 de
1072 3671 1118 3726 off.
1138 3673 1179 3725 ΙΙΙ
1196 3679 1230 3728 43
1252 3689 1345 3740 neque

173 3740 286 3794 laevam
312 3739 455 3793 involvere
478 3742 548 3808 toga
571 3743 600 3793 et
626 3739 733 3816 incingi
785 3741 956 3794 eontrarem
970 3739 1124 3808 publicam,
1141 3757 1233 3807 neque
1246 3744 1349 3794 contra

194 3823 264 3862 aene
283 3805 421 3860 furiosum
439 3807 493 3874 est,
511 3807 602 3861 sinum
621 3821 686 3860 vero
703 3823 733 3859 rn
784 3807 994 3861 iusiurandum
1012 3823 1045 3861 ae
1062 3807 1147 3861 fidem
1163 3808 1247 3862 amici
1261 3823 1349 3862 causa

172 3825 306 3929 dextrum
329 3891 458 3928 umerum
487 3876 523 3929 ab
545 3876 603 3929 imo
626 3874 732 3928 reicere
785 3875 934 3928 virbonus
956 3875 1056 3939 faciet,
1079 3891 1114 3929 ne
1133 3876 1157 3929 si
1179 3875 1264 3930 iudex
1282 3876 1344 3942 qui·

173 3943 291 3998 celatam
319 3959 352 3998 aa
377 3942 541 4008 delicatam,
564 3979 596 3987 -
619 3943 661 3995 ita
684 3957 732 3994 cnr
784 3943 848 3997 dem
862 3943 1037 4012 eritdeipsc
1050 3942 1149 3998 amieo.
1172 3943 1257 3997 Ponit
1269 3944 1345 3998 enim

173 4012 310 4065 laxiorem
323 4011 413 4064 sinum
426 4012 537 4066 sinistro
548 4010 663 4064 brachio
675 4025 732 4063 non
804 4027 932 4064 ersonam
945 4011 1036 4072 amici,
1054 4027 1118 4064 cum
1129 4010 1223 4065 induit
1234 4011 1345 4066 iudicis.

173 4079 362 4134 subiciamus?
643 4145 647 4156 Ι
782 4027 906 4132 i'antum
925 4078 1006 4132 dabit
1023 4079 1178 4143 amicitiae,
1201 4085 1234 4134 at
1251 4096 1345 4134 aeram

206 4147 297 4202 mollis
317 4147 350 4201 in
366 4151 445 4216 pasta
467 4146 552 4200 Scine
571 4145 732 4200 Gestrkula-
783 4146 869 4201 amici
891 4162 1003 4201 cansam
1026 4162 1080 4201 essa
1105 4147 1193 4201 malit.
1234 4148 1269 4202 de
1290 4147 1343 4200 im-

172 4215 235 4270 tion
252 4232 312 4268 war
329 4232 401 4285 ganz
419 4213 611 4278 unmtnnlich,
631 4214 732 4267 weieh·
783 4215 862 4283 perio
885 4215 933 4272 On.
952 4213 1050 4283 Pomp.
1068 4221 1102 4269 53
1129 4215 1152 4267 si
1178 4214 1243 4282 plus
1266 4215 1344 4284 apud

172 4282 229 4336 lich
258 4283 316 4336 und
344 4282 504 4351 aarflossen,
539 4281 672 4350 kraftlcs,
702 4298 732 4336 es
785 4281 921 4352 populum
938 4280 1097 4336 Muranum
1118 4283 1271 4337 auctoritas
1293 4285 1346 4338 tua
