3016 4846
224 249 287 316 206
593 245 734 303 BRUTUS
753 254 795 316 ea,
815 252 872 303 ara.
892 254 951 304 ara.
979 255 1021 306 aa

225 402 285 470 Gn.
310 403 478 467 Dolabella
505 401 682 484 consulari,
710 422 782 464 cum
810 400 903 465 Cotta
930 400 1080 484 princeps
1109 401 1270 466 adhibitus
1298 407 1401 485 esset,

224 490 346 573 priores
367 495 476 552 tamen
498 508 595 570 agere
616 490 725 570 partes
743 485 966 566 Hortensium
991 506 1096 550 aerem
1118 488 1203 551 enim
1226 489 1402 571 oratorem,

223 576 390 637 incensum
413 576 446 637 et
465 574 616 652 agentem
639 575 672 635 et
694 591 846 634 canorum
875 591 1049 634 concursus
1077 571 1243 635 hominum
1270 572 1403 657 forique

163 676 214 726 318
228 659 379 742 strepitus
409 657 575 722 desiderat.
619 655 728 721 Unum
749 655 849 740 igitur
874 676 1012 736 annum,
1041 676 1112 720 cum
1140 657 1331 720 redissemus
1361 679 1404 721 ex

224 743 320 821 Asia,
344 763 457 807 causas
480 741 605 805 nobiles
628 743 766 825 egimus,
791 761 862 804 cum
878 743 1083 823 quaesturam
1098 762 1168 821 nos,
1193 741 1431 807 consulatnms

225 827 336 906 Cotta,
360 826 556 891 aedilitatem
578 828 703 909 peteret
722 823 922 889 Hortensius.
966 823 1099 888 Interim
1120 847 1171 889 me
1194 831 1403 909 quaestorem

224 911 400 978 Siciliensis
423 911 551 994 excepit
572 932 690 989 annus,
720 909 816 974 Cotta
838 931 877 972 ex
900 909 1068 974 consulatu
1091 914 1140 974 est
1166 910 1329 994 profectus
1361 913 1400 976 in
1480 915 1481 996 l

225 997 381 1078 Galliam,
404 995 514 1078 prince
539 1017 554 1058 s
576 998 609 1058 et
630 997 700 1058 erat
713 997 747 1058 et
761 994 941 1058 hebebatur
955 993 1157 1059 Hortensius.
1192 995 1272 1060 Oum
1288 1000 1402 1062 autem
1480 1001 1481 1014 ¹

225 1102 311 1146 anno
338 1084 412 1163 post
440 1102 479 1144 ex
507 1018 618 1145 Sicilia
644 1101 696 1143 me
723 1079 930 1162 recepissem,
964 1079 1028 1142 iam
1058 1080 1226 1144 videbatur
1254 1080 1335 1144 illud
1364 1083 1402 1146 in

225 1188 287 1249 me,
311 1165 464 1248 quidquid
487 1168 580 1249 esset,
603 1185 671 1229 esse
686 1163 865 1248 perfeetum
881 1166 915 1227 et
929 1163 1046 1239 habere
1060 1168 1279 1229 maturitatem
1294 1187 1401 1249 quan-
1419 1186 1443 1225 ιο

224 1252 298 1314 dam
320 1271 420 1314 suam.
464 1249 571 1316 Nimis
594 1249 697 1314 multa
719 1247 828 1313 videor
851 1249 889 1312 de
912 1269 979 1330 me,
1009 1250 1078 1331 ipse
1106 1251 1310 1332 praesertim
1341 1253 1401 1316 sed

225 1335 313 1399 omni
335 1335 411 1399 huic
439 1334 578 1398 sermoni
605 1333 806 1418 propositum
835 1336 897 1413 est,
925 1354 993 1397 non
1021 1337 1058 1397 ut
1084 1333 1250 1419 ingenium
1279 1341 1312 1398 et
1334 1337 1404 1400 elo-

225 1420 391 1503 quentiam
414 1441 518 1484 meam
542 1419 726 1502 perspicias,
749 1417 834 1482 unde
857 1419 954 1502 longe
970 1417 1094 1499 absum,
1117 1419 1172 1483 sed
1194 1422 1231 1482 ut
1251 1420 1403 1484 laborem

158 1527 208 1576 319
224 1509 257 1569 et
278 1504 478 1571 industriam.
516 1503 598 1569 Cum
619 1504 721 1586 igitur
743 1524 844 1567 essem
866 1503 901 1566 in
923 1503 1069 1586 plurimis
1084 1505 1190 1568 causis
1213 1505 1295 1568 etin
1310 1507 1406 1588 prin·

225 1590 349 1672 cipibus
371 1589 517 1672 patronis
540 1588 798 1672 quinquennium
819 1588 887 1652 fere
903 1590 1058 1671 versatus,
1080 1591 1149 1652 tum
1165 1591 1200 1653 in
1214 1592 1400 1672 patrocinio
1416 1607 1442 1648 1⁵

225 1674 386 1740 Siciliensi
407 1674 545 1738 maxime
568 1676 602 1737 in
625 1677 787 1736 certamen
810 1673 885 1736 veni
906 1673 1091 1757 designatus
1114 1674 1225 1737 aedilis
1248 1695 1321 1738 cum
1345 1677 1404 1738 de-

225 1761 354 1844 signato
378 1760 509 1823 consule
531 1757 717 1823 Hortensio.

164 1853 210 1919 93
311 1842 373 1908 Sed
400 1844 552 1927 quoniam
581 1843 686 1907 omnis
708 1843 761 1906 hic
783 1862 887 1906 sermo
917 1845 1114 1906 nosternon
1142 1843 1246 1906 solum
1269 1865 1404 1909 enume-

223 2079 403 2148 Verteidiger
421 2079 564 2148 jedesmal
581 2080 611 2132 in
633 2079 782 2133 derselben
835 2077 984 2146 gehaltene
997 2077 1074 2132 Rede
1084 2094 1136 2146 pro
1146 2079 1247 2134 Roscio
1260 2082 1404 2137 comoedo

224 2147 312 2202 Sache
330 2148 482 2228 austratem
835 2145 949 2214 gehbrt3
969 2144 1015 2199 die
1034 2146 1156 2201 anderen
1173 2147 1236 2200 sind
1254 2165 1306 2200 uns
1318 2149 1404 2204 nicht

222 2213 784 2361 ,disseruerimus
836 2212 1068 2357 militaus·
1084 2311 1116 2321 -
1135 2282 1335 2362 ιιιιιι.

222 2352 316 2405 testen
332 2351 405 2418 galt3
426 2367 456 2405 er
476 2350 558 2405 sollte
571 2366 597 2404 e1
619 2349 723 2403 enthch
736 2349 786 2403 der
837 2366 866 2403 es
883 2348 930 2401 fiel
946 2348 1004 2402 ihm
1023 2349 1205 2403 bekanntbch
1219 2350 1264 2404 dre
1276 2350 1402 2406 Provinz

222 2415 462 2487 πρωταγωνιστής
486 2418 559 2483 sein,
588 2367 657 2471 aler
684 2417 713 2472 in
736 2417 786 2471 der
837 2416 1005 2484 Lilybaeum
1024 2417 1111 2470 durch
1129 2417 1182 2470 Los
1199 2435 1245 2481 zu,
1266 2418 1313 2472 die
1333 2419 1400 2476 Sex.

223 2486 424 2541 Wirlslichlreit
452 2503 511 2539 war
536 2501 566 2539 er
592 2502 645 2537 nur
667 2486 785 2552 δεντερ-
836 2484 1000 2537 Peducaeus
1010 2484 1208 2554 slsProprbtor
1217 2486 1400 2544 verwaltete.

223 2551 655 2676 tltttltultttffiffll'ss
684 2552 785 2620 ΨΜ
836 2553 1403 2686 ..cucurrissemus

257 2697 283 2744 3.
300 2638 424 2756 αρεξιΐοηι
440 2678 478 2740 im
492 2685 785 2755 emphatischenSinn
836 2705 883 2740 um
902 2685 961 2739 sicli
979 2704 1036 2740 nun
1059 2688 1100 2741 als
1156 2688 1275 2742 okonsul
1296 2691 1327 2742 in
1353 2665 1403 2746 did

225 2757 296 2824 (hier
325 2754 540 2824 heuptsichlich
569 2771 633 2810 vom
683 2756 784 2823 estus):
835 2755 895 2808 ihm
916 2753 1119 2810 aulsomme'nde
1141 2756 1261 2811 Provinz
1288 2776 1323 2811 zu
1348 2759 1403 2813 be-

224 2827 277 2902 mit
288 2823 465 2902 draptischer,
477 2773 720 2878 ausdrucksvoller
730 2822 785 2877 Ge·
836 2824 937 2891 geben.

224 2891 397 2947 strkulabon.
429 2891 463 2946 de
475 2907 514 2948 or.
527 2890 554 2945 Il
567 2897 617 2946 358
635 2891 783 2960 (utendum
869 2899 909 2947 10.
922 2892 1112 2946 maturitatem
1123 2892 1264 2960 quandam
1277 2909 1362 2948 suam
1375 2902 1400 2950 8.

192 2978 195 2985 ·
224 2961 278 3028 est)
294 2960 333 3012 im
373 2959 464 3013 'nibus
486 2959 635 3027 agentibus
654 2961 782 3027 (ὃραστι-
869 2965 909 3014 11.
951 2957 984 3013 de
1014 2975 1056 3013 mc
1095 2976 1131 3014 sc.
1166 2961 1245 3026 loqui
1279 2959 1401 3016 Schultz

223 3030 295 3096 uui).
324 3044 341 3081 a
378 3027 444 3086 Her,
464 3027 555 3082 11137
574 3027 671 3081 sinon
688 3030 782 3081 mutas
833 3025 949 3092 §libid

223 3113 275 3174 nee
303 3112 402 3175 nages,
439 3096 489 3150 sed
522 3095 629 3163 aliquid
664 3098 782 3164 agentes
868 3100 908 3152 13.
928 3094 976 3147 scd
992 3100 1026 3173 ut
1043 3095 1162 3177 lilim.
1178 3101 1204 3149 ct
1220 3095 1401 3152 industriam

223 3179 626 3310 rusucurium..
666 3245 782 3308 ιιιιιιι
829 3161 1325 3308 stultissimus
1344 3166 1403 3288 tt}

224 3299 341 3353 Stimme
359 3304 449 3365 (vox);
468 3328 502 3338 -
519 3298 577 3351 und
596 3298 633 3351 da
654 3297 714 3351 sich
732 3297 782 3350 das
834 3315 879 3352 em
898 3299 1049 3373 angestren
1071 3301 1126 3362 tes,
1149 3301 1256 3352 ernstes
1277 3316 1400 3355 wissen-

223 3367 367 3420 incensum
402 3365 594 3419 vornehmlich
629 3365 665 3417 im
702 3365 783 3418 B1iek
834 3364 1013 3419 schaftliches
1049 3315 1179 3420 Studium
1219 3366 1298 3420 nieht
1338 3371 1403 3424 viel

224 3435 340 3499 (vultus)
370 3432 537 3496 ausdriickt,
570 3448 600 3485 so
631 3432 694 3485 sind
723 3433 783 3487 hier
834 3435 927 3500 geben
962 3433 1089 3498 wollten,
1125 3451 1161 3488 an
1196 3435 1245 3488 des
1280 3439 1402 3503 grossen

224 3503 269 3553 die
293 3501 354 3553 drei
376 3499 472 3554 Seiten
495 3502 546 3554 der
572 3499 645 3553 aetio
674 3500 719 3568 (de
742 3515 781 3556 or.
834 3499 1402 3574 RodnersBeispielerkennenmdehten,

224 3566 265 3620 III
278 3574 328 3621 216
339 3566 380 3634 ff.)
400 3567 572 3634 bezeichnet,
589 3567 721 3622 wodurch
734 3567 783 3622 der
834 3569 888 3621 wie
907 3584 936 3621 es
954 3570 1179 3624 unermddlieher
1195 3570 1254 3623 und
1273 3571 1403 3640 riiatiger

224 3652 260 3687 an
273 3633 318 3687 die
329 3632 422 3703 Spitze
435 3634 565 3702 gestellte
577 3633 685 3702 Regriff
691 3651 784 3690 aerem
834 3635 934 3689 Arbeit
943 3636 1069 3698 bediirle,
1083 3654 1131 3691 um
1145 3642 1233 3692 etwas
1242 3636 1404 3709 Tfiehtiges

225 3703 267 3757 als
289 3700 341 3754 auf
361 3702 406 3756 die
429 3703 503 3754 actio
526 3701 676 3770 beaflglich
697 3703 785 3758 nither
835 3721 870 3757 zu
888 3703 996 3757 leisten.

223 3769 371 3825 bestimmt
388 3768 467 3822 wird.
871 3777 910 3826 15.
928 3773 960 3826 ia
973 3772 1132 3840 patrocinio
1143 3772 1286 3828 Siciliensi
1303 3773 1334 3826 in
1346 3775 1404 3831 der

257 3837 367 3906 forique
383 3837 515 3904 strepitus
532 3854 560 3906 p.
573 3837 654 3893 Arch.
668 3843 699 3891 12
711 3838 781 3908 (ubi)
835 3838 1008 3904 Vertretung
1033 3838 1162 3894 Siciliane
1192 3841 1234 3894 als
1259 3843 1405 3911 patronus

225 3909 334 3961 animus
352 3921 387 3960 ex
404 3903 457 3958 hoc
474 3903 579 3958 lorensi
603 3905 723 3976 strepitu
740 3921 784 3960 re·
834 3922 926 3974 gegen
945 3907 1056 3976 Verres,
1076 3910 1130 3960 den
1148 3908 1314 3962 Hortensius
1334 3928 1404 3966 ver-

225 3975 344 4030 ficiatur.
835 3973 962 4042 teidigte.
990 3974 1172 4029 Durchseine
1185 3975 1403 4045 Stellungzwi·

257 4049 283 4096 4.
310 4058 396 4096 urium
412 4039 502 4112 ipitur
524 4055 631 4094 aarum
651 4039 784 4095 wthrend
837 4042 920 4095 seben
950 4044 1010 4095 tum
1039 4044 1160 4097 maxime
1196 4043 1266 4098 wird
1302 4047 1404 4102 dieser

225 4111 275 4166 des
292 4110 318 4164 J.
332 4116 373 4165 76.
836 4107 988 4162 Ausdrnck
998 4111 1055 4163 und
1069 4110 1157 4165 demit
1169 4111 1213 4166 <lie
1226 4112 1405 4185 Bedeutung

181 4211 183 4216 ,
259 4185 283 4236 5.
305 4193 403 4233 causus
420 4176 524 4232 nobiles
545 4191 578 4228 au
603 4175 693 4230 denen
714 4175 785 4230 auch
836 4175 926 4231 dieses
944 4175 1088 4231 Processes
1109 4180 1182 4233 noch
1204 4180 1316 4234 sttrker
1334 4181 1405 4238 her-

226 4246 271 4300 die
289 4245 519 4299 wahrscheinlich
537 4243 565 4297 in
582 4243 687 4296 diesem
700 4242 784 4298 Jahra
837 4244 1023 4308 vorqehoben.

226 4314 310 4385 (nach
328 4315 451 4369 anderen
466 4311 570 4382 jedoch
583 4311 641 4366 erut
652 4309 690 4364 im
702 4309 726 4369 J.
740 4315 783 4374 68)
873 4313 1406 4388 is.eaumeratioaemoratouam(nioht
