3016 4846
570 235 714 291 saurus
733 242 776 307 οο,
789 242 848 295 aar.
1240 239 1299 304 191

126 394 270 478 agrestes
292 393 395 474 putet.
439 392 487 455 At
509 390 586 474 quid
609 393 745 454 cattam
767 391 921 475 fractum,
944 395 1012 455 tam
1034 393 1209 475 minutum,
1231 397 1300 458 tam
1315 407 1365 462 187

125 480 162 542 in
184 478 270 560 ipsa,
296 497 393 560 quam
414 478 524 538 tamen
542 475 759 558 consequitur,
783 475 1005 540 concinnitate
1019 476 1167 560 puerile?
1204 479 1302 543 ‘Atti-

127 583 236 627 corum
264 561 384 625 similes
408 581 476 625 esse
498 559 668 625 volumus'.
706 557 733 624 O
758 560 851 640 time3
881 564 999 626 suntne
1021 563 1032 624 i
1059 563 1121 626 'tur
1143 561 1178 626 hi
1200 563 1303 628 Attici

126 645 295 713 oratores?
329 645 419 722 ‘Quis
434 666 554 728 negare
568 643 702 727 potest?
732 582 800 709 lios
815 645 1001 710 imitamur!
1034 582 1106 723 guo
1121 648 1224 726 modo,
1247 649 1302 731 qui

99 735 204 796 fisunt
226 735 259 795 et
280 732 366 795 inter
388 751 422 794 se
444 730 614 794 dissimiles
637 733 669 792 et
690 729 852 794 aliorum?
897 730 1155 814 ‘Thucydidem',
1184 733 1301 816 inquit,

127 817 335 881 ‘imitamur'.'
365 813 505 898 Optime,
528 815 556 878 si
579 814 747 878 historiam
769 815 918 898 scribere,
941 837 1009 880 non
1027 817 1055 880 si
1071 837 1182 881 causas
1198 818 1302 883 dicere

126 901 287 987 cogitatis.
326 899 530 983 Thucydides
553 899 640 962 enim
667 904 961 984 rerumgestarum
988 902 1216 984 pronuntiator
1238 903 1302 968 sin-

126 1008 218 1052 cerus
242 989 274 1049 et
295 984 428 1069 grandis
451 984 548 1048 etiam
569 983 649 1066 fuit3
679 983 740 1048 hoo
762 983 891 1049 forense
918 986 1191 1051 concertatorium
1218 988 1302 1052 iudi-

126 1071 208 1136 ciale
237 1091 304 1134 non
332 1071 485 1133 tractavit
511 1089 623 1153 genus.
668 1069 839 1134 Orationes
867 1074 973 1134 autem
999 1093 1077 1155 quas
1105 1071 1302 1155 interposuit

86 1175 114 1215 ιο
129 1156 262 1238 (multae
296 1155 382 1219 enim
414 1157 521 1236 sunt),
555 1175 608 1218 eas
643 1173 703 1238 ego
737 1154 868 1218 laudare
901 1155 1005 1238 sole03
1045 1156 1164 1220 imitari
1197 1178 1301 1240 neque

126 1241 263 1324 possim,
293 1239 321 1303 si
343 1238 452 1317 velim,
481 1259 542 1302 nec
564 1237 661 1302 velim
688 1237 843 1321 fortasse,
872 1241 900 1303 si
925 1241 1056 1324 possim.
1099 1239 1146 1306 Ut
1169 1241 1201 1305 si
1227 1242 1300 1326 quis

127 1324 265 1390 Falerno
293 1324 368 1387 rino
398 1323 588 1401 delectetur,
622 1324 677 1387 sed
705 1345 743 1387 eo
772 1346 833 1388 nee
865 1325 912 1388 ita
946 1346 1048 1405 noro,
1078 1329 1115 1390 ut
1147 1327 1301 1408 proximis

128 1409 314 1476 oonsulibus
336 1410 449 1472 natum
470 1407 565 1486 velit,
588 1429 648 1472 nee
669 1429 779 1472 rursus
800 1409 848 1474 ita
862 1414 981 1492 vetere,
1003 1413 1040 1474 ut
1057 1410 1223 1494 Opimium
1246 1415 1301 1476 aut

127 1495 280 1564 Anicium
308 1493 473 1556 consulem
501 1497 636 1576 quaerat
656 1531 700 1542 -
720 1495 812 1577 atqui
839 1495 900 1559 hae
928 1499 1025 1560 notae
1051 1500 1128 1560 suut
1149 1497 1300 1579 optimae,

86 1599 113 1640 15
127 1580 238 1661 credo;
271 1577 328 1642 sed
354 1577 455 1642 nimia
482 1580 625 1642 vetustas
652 1599 713 1642 nec
739 1578 839 1644 habet
866 1601 954 1662 eam,
984 1602 1079 1664 quam
1107 1581 1301 1666 quaerimus,

161 1736 185 1786 1.
214 1735 272 1784 tam
297 1727 434 1796 fractam,
464 1735 521 1783 tam
546 1730 687 1784 miuutuon
737 1731 815 1786 tione
837 1730 916 1785 cirili
936 1731 1039 1784 vitium
1061 1731 1107 1786 vel
1134 1731 1296 1787 maximum.

126 1797 209 1853 Scine
228 1796 410 1866 Darstellung
433 1797 536 1851 etrtmt
557 1796 635 1851 nieht
655 1797 686 1851 in
738 1798 773 1852 de
793 1800 1040 1866 opt.gen.or.15.

128 1867 239 1920 einem
262 1863 351 1918 Gusse
379 1864 480 1931 dahin,
507 1864 629 1919 sondem
656 1881 686 1920 es
771 1871 797 1920 8.
816 1862 1111 1922 antecantamenta
1131 1865 1296 1935 decoquo,

127 1933 189 1987 sind
218 1931 356 1987 vielmehr
388 1934 481 1987 lauter
508 1932 602 1987 kleine
637 1949 685 2001 ge·
736 1933 790 1988 wie
816 1932 856 1987 im
884 1934 1064 2012 Wettkampl
1091 1888 1160 1988 oder
1188 1937 1218 1988 in
1247 1935 1298 1990 der

127 2000 269 2055 brochene
296 1999 488 2066 Stosswcllen,
515 2017 565 2055 aus
593 2000 685 2054 denen
737 2000 882 2069 Schlacht,
907 2002 985 2056 einer
1007 2004 1060 2056 mit
1081 2004 1146 2056 dem
1173 2003 1228 2055 and
1247 2020 1298 2056 ren

126 2071 204 2123 seina
221 2066 361 2122 Perioden
378 2069 527 2136 bestehcn,
551 2067 684 2122 wodurch
735 2086 783 2122 um
803 2069 857 2123 den
875 2069 941 2137 Sieg
957 2069 1047 2138 ringt,
1067 2069 1119 2123 mit
1135 2018 1314 2140 Bezielltllfg*

127 2137 187 2190 sein
200 2135 254 2190 Stil
271 2136 344 2190 trotn
363 2137 439 2190 einer
456 2137 594 2204 gewissen
610 2135 686 2190 Kon-
737 2137 789 2190 auf
804 2136 874 2191 alles
887 2146 972 2205 ‘quae
985 2136 1097 2206 agenda
1108 2140 1174 2192 sunt
1185 2139 1214 2191 in
1226 2139 1296 2205 foro,

126 2204 259 2270 munitat,
289 2204 345 2282 ‘die
384 2205 444 2259 ihm
482 2203 561 2258 nieht
602 2204 686 2282 ahzu-
736 2206 884 2271 tamquam
902 2207 932 2258 in
950 2206 1035 2285 acie’3
1061 2205 1096 2286 de
1114 2221 1154 2286 qr.
1173 2205 1260 2284 1141.

126 2271 592 2407 :irritasallaturi
610 2288 686 2393 urz?
737 2273 1005 2419 ult-stultu
1023 2273 1298 2419 theurgiae:

127 2407 229 2462 druclrs
248 2408 347 2462 erhhlt.
377 2407 424 2463 0r.
442 2413 500 2462 226.
519 2415 578 2463 230.
738 2407 833 2462 11412
851 2408 967 2463 laudato
985 2410 1112 2478 mgentra
1129 2425 1208 2474 rura,
1231 2426 1297 2478 par-

161 2483 186 2534 2.
209 2492 292 2544 quom
314 2482 407 2530 tamea
425 2477 602 2544 consequitur
624 2475 687 2531 hier
737 2493 804 2529 vum
828 2477 913 2530 colito
941 2477 1010 2530 oder
1036 2476 1150 2530 Hesiod.
1170 2474 1227 2545 ἔον.
1247 2483 1296 2531 641

127 2542 206 2596 nicht
223 2546 310 2598 etwa:
330 2543 381 2598 der
399 2561 431 2598 er
446 2543 585 2598 trotzdem
604 2543 689 2596 nach·
740 2539 789 2612 νῆ’
808 2539 911 2614 ὀλίγην
936 2543 1042 2612 αἰνεῖν,
1070 2538 1181 2617 μεγάλῃ
1206 2542 1236 2598 d'
1256 2541 1301 2600 ἐνὶ

127 2610 261 2678 traehtet,
280 2611 413 2665 sondern:
433 2612 477 2665 die
491 2628 522 2665 er
533 2611 687 2680 allerdings
740 2614 847 2680 φορτία
864 2611 988 2667 θέσθαι.

128 2679 263 2746 erreicht,
291 2681 345 2733 wie
374 2680 410 2734 de
434 2695 473 2733 or.
493 2678 570 2734 1191
594 2679 688 2734 Fufius
772 2696 860 2748 oeque
875 2682 978 2748 possim
996 2681 1050 2737 eto.
1075 2673 1142 2734 οὔτε
1161 2677 1307 2748 dovitae<

126 2763 230 2801 nervos
241 2748 271 2800 in
283 2747 402 2802 dicendo
415 2745 443 2802 (l.
456 2746 604 2814 Fimbriae,
618 2763 688 2814 quoe
740 2767 789 2808 νος
812 2750 960 2817 δυναίμην
982 2740 1020 2801 dlv
1043 2743 1110 2802 orire
1135 2746 1300 2816 δυνάμενος

127 2817 224 2869 tamen
242 2815 344 2869 habuit
360 2815 418 2879 ille,
428 2817 492 2868 'non
511 2815 686 2884 adsequitur.
740 2817 898 2886 βουλοίμην
910 2811 955 2871 ἄν.
983 2817 1020 2870 ad
1036 2815 1102 2870 Her.
1116 2814 1155 2869 IV
1167 2823 1200 2870 39
1219 2816 1299 2870 Com-

159 2883 268 2951 puerile
290 2882 497 2948 ‘schdlerhaft’,
526 2899 593 2936 man
615 2881 689 2937 aieht
739 2884 860 2938 mutatio
880 2886 937 2949 est,
962 2901 1026 2938 eum
1049 2884 1120 2938 duae
1142 2882 1300 2937 sententiae

126 2951 171 3004 ihr
198 2951 248 3004 das
273 2948 428 3004 Gemachte
451 2950 510 3004 und
531 2949 688 3005 Kleinliche
738 2950 815 3004 inter
836 2968 865 3005 se
888 2952 1080 3021 discrepantes
1104 2967 1138 3004 ex
1164 2950 1299 3005 transiec-

127 3035 171 3072 an.
205 3025 260 3073 124.
739 3017 817 3073 tione
843 3019 885 3072 ita
912 3017 1076 3084 efferuntur,
1102 3020 1135 3071 ut
1161 3033 1179 3071 a
1205 3019 1301 3087 priore

160 3087 318 3141 Atticorum
335 3085 439 3140 similer
461 3086 513 3144 etc.
540 3084 593 3139 Die
612 3085 689 3140 Wie·
739 3087 880 3155 posterior
902 3087 1045 3140 contraria
1091 3085 1159 3139 riori
1184 3085 1300 3154 profici-

127 3154 285 3223 derholung
321 3155 371 3207 des
406 3153 502 3207 Sataes
541 3153 689 3222 geschieht
740 3154 1018 3219 scatur‚hocn10do:
1031 3184 1066 3194 —
1099 3169 1157 3207 are
1167 3155 1301 3221 poemata

128 3221 303 3288 absichtlich,
322 3239 369 3274 um
388 3223 439 3276 auf
450 3221 547 3275 Grund
562 3221 613 3276 der
626 3237 687 3275 vor·
738 3237 795 3276 non
813 3223 897 3290 facio,
917 3223 984 3290 quia
996 3220 1153 3275 cuiusmodi
1165 3221 1230 3275 volo
1242 3237 1299 3274 non

128 3288 326 3356 ausgehendan
353 3289 515 3343 Dedulrtion
544 3307 602 3344 nun
631 3289 687 3344 den
737 3307 862 3359 possum,
883 3289 1038 3344 cuiusmodi
1055 3304 1168 3356 possum
1187 3288 1262 3342 nolo.

128 3355 241 3424 Gegner
259 3374 293 3409 zu
312 3356 388 3410 einer
404 3358 618 3413 bestimmtercn
631 3359 687 3410 An-
777 3357 815 3418 14.
833 3364 915 3413 uotae
927 3389 960 3396 -
972 3359 1041 3411 nota
1057 3357 1178 3427 (titulus)
1196 3357 1235 3410 ist
1252 3375 1299 3410 zu-

128 3425 202 3492 gabc
220 3441 254 3476 zu
271 3423 397 3493 adtigen.
738 3427 838 3482 ntchst
855 3427 900 3480 die
912 3425 1038 3480 Etikette
1056 3424 1298 3492 amWeingeftss,

162 3496 186 3544 4.
204 3492 252 3544 lios
270 3490 329 3546 also
348 3491 424 3546 diese
438 3493 552 3548 Attiker
569 3494 623 3547 alle
642 3510 687 3546 zu·
738 3494 846 3550 welche
865 3493 946 3548 Sorte
965 3493 1022 3547 und
1040 3492 1119 3546 Alter
1138 3493 1187 3546 des
1202 3492 1299 3547 Weins

128 3574 263 3613 sammaa.
740 3561 1297 3684 augeb,daherdannwieunser‘Sorta’

162 3635 187 3684 5.
201 3627 278 3681 Τίονο
299 3627 392 3682 didem
405 3627 451 3684 Or.
463 3635 496 3684 30
507 3628 580 3683 Ecce
593 3631 689 3682 autem
740 3647 776 3698 ge
798 3630 906 3688 raucht.
940 3630 1006 3688 Hor.
1026 3646 1109 3688 carm,
1127 3629 1153 3682 Il
1173 3635 1231 3696 3,8
1258 3631 1300 3683 in-

128 3695 216 3763 aliqui
234 3713 264 3750 se
276 3642 467 3763 thucydidios
481 3713 541 3751 esse
554 3697 688 3764 profiten—
740 3699 843 3753 teriora
862 3705 930 3752 nota
946 3697 1071 3763 Falerna
1089 3700 1141 3750 sat.
1153 3697 1167 3750 Ι
1179 3703 1221 3762 10,
1235 3704 1267 3751 23
1280 3697 1300 3751 f.

127 3769 182 3829 tur,
205 3779 309 3842 novum
329 3764 472 3830 quoddam
492 3764 689 3884 imperitorum
740 3768 779 3820 At
796 3783 886 3820 sermo
898 3765 999 3832 lingua
1010 3765 1162 3842 concinnus
1180 3765 1299 3832 utraque

128 3834 157 3886 et
173 3832 335 3886 inauditum
353 3849 442 3901 genus
455 3833 532 3886 ¹-T
555 3833 689 3900 ucyd1des
741 3833 867 3900 Suavior,
884 3836 918 3886 ut
932 3833 1001 3887 Chio
1018 3835 1087 3886 nota
1105 3849 1129 3885 sr
1146 3834 1300 3886 commixta

128 3917 228 3954 -res
255 3902 351 3968 gestas
378 3904 408 3954 et
434 3900 510 3954 bella
535 3901 634 3953 narrat
660 3900 690 3954 et
739 3902 853 3956 Falerni
871 3903 922 3956 est.

128 3967 688 4104 1111ν11111111111111
739 3965 1300 4092 stetistisptuattlltl{2

129 4102 266 4156 forensem
285 4120 367 4156 usum
379 4106 409 4158 et
425 4102 580 4171 publicum.
606 4103 688 4171 Ipsae
738 4107 829 4162 nimio
842 4110 1021 4160 uetustatcco
1058 4104 1100 4156 ori
1118 4102 1230 4156 salubre
1243 4104 1299 4169 θείς

128 4168 195 4224 illae
218 4171 362 4226 contiones
385 4171 428 4225 ita
449 4170 555 4224 multas
581 4170 689 4225 habent
739 4175 833 4228 media
846 4175 905 4228 eius
918 4173 1026 4226 aetasa
1064 4169 1299 4239 Vannisincipit.

130 4238 262 4292 obscuras
280 4240 450 4309 abditasque
463 4240 627 4307 sententias,
640 4240 688 4293 vix
739 4241 892 4297 Vielleicht
919 4241 957 4294 ist
984 4239 1023 4292 im
1052 4239 1170 4293 aweiten
1200 4238 1299 4293 Gliede

129 4305 162 4359 ut
177 4305 393 4375 intellegantur,
418 4308 494 4374 quod
513 4310 557 4361 est
578 4307 607 4360 in
626 4324 688 4362 ora·
740 4327 854 4366 anseres
872 4308 967 4364 Sataes
985 4305 1097 4362 novitas
1115 4306 1299 4377 anagefallen.
