3004 4844
562 247 710 302 sauros
728 255 754 317 ι,
774 254 815 304 rc.
834 253 876 308 ar.
1260 252 1303 318 59

132 407 217 469 stare
240 401 364 472 dicitur,
389 421 497 464 earum
519 422 585 464 una
607 421 749 484 quaeque
772 406 821 466 est
844 423 895 466 ars
918 401 987 486 ipsa
1008 423 1200 488 magnaper
1222 425 1301 470 sese.

134 487 238 564 Quare
253 486 394 570 quinque
409 485 527 550 artium
541 504 712 548 concursus
727 490 938 550 maximarum
953 491 1106 570 quantam
1122 489 1187 552 vim
1203 509 1302 572 quan·

131 576 261 656 tamque
276 569 500 634 difficultatem
515 568 633 633 habeat
647 570 822 635 existimari
833 574 950 653 potest.
973 570 1078 636 Testis
1093 577 1142 636 est
1156 572 1302 652 Graecia,
1318 580 1337 646 7
1353 591 1387 640 ao

131 678 212 740 quae
235 677 307 720 oum
330 653 532 738 eloquentiae
554 653 659 718 studio
682 655 724 718 sit
745 653 876 719 incensa
901 655 1083 739 iamdiuque
1110 657 1246 722 excellat
1265 658 1299 722 in

100 764 169 806 sea
190 742 393 824 praestetque
416 737 545 814 ceteris,
567 741 676 802 tamon
698 760 810 803 omnes
833 743 917 804 artes
939 740 1129 806 vetustiores
1150 741 1249 806 habet
1270 746 1303 806 et

129 825 231 890 multo
260 827 334 889 aute
362 843 430 887 non
455 823 602 886 inventas
636 822 753 902 solum,
787 823 842 888 sed
870 824 969 888 etiam
995 825 1173 909 perfectas,
1206 847 1303 908 quam

129 909 210 974 haee
234 913 282 974 est
304 908 470 972 elaborata
492 905 617 971 dicendi
640 907 686 972 vis
712 910 808 990 atque
831 909 933 992 eopia.
977 907 1016 973 In
1038 932 1134 993 quarn
1158 931 1230 974 cum
1253 910 1302 975 in·

128 998 233 1072 tueor,
256 993 394 1056 maxime
416 991 495 1056 mihi
512 994 699 1073 occurrunt,
722 992 845 1073 Attice,
870 997 902 1057 et
916 993 1007 1090 quasi
1029 995 1138 1059 lucent
1152 995 1302 1058 Athenae

129 1082 222 1155 tuae,
246 1099 310 1161 qua
330 1077 365 1140 in
386 1076 465 1140 urbe
486 1078 624 1158 primum
647 1097 681 1141 se
703 1080 811 1141 orator
833 1077 947 1142 extuht
996 1077 1176 1162 rimamque
1204 1080 1302 1143 etiam

90 1188 117 1227 so
131 1161 349 1228 monumentis
371 1163 403 1226 et
423 1160 541 1224 litteris
562 1161 664 1224 oratio
686 1164 736 1224 est
758 1165 872 1244 coepta
885 1183 962 1226 man
985 1163 1042 1227 ari.
1082 1163 1204 1228 Tamen
1226 1166 1301 1228 ante
1319 1177 1351 1225 27

131 1245 304 1323 Periclem,
342 1245 431 1310 ouius
464 1245 584 1327 scripta
617 1244 773 1327 quaedam
806 1246 970 1322 feruntur,
1005 1250 1038 1312 et
1071 1247 1300 1332 Thucydidem,

129 1331 187 1415 qui
208 1351 276 1398 non
298 1329 502 1394 nascentibus
525 1328 679 1407 Athenis,
707 1330 762 1395 sed
785 1329 847 1394 iam
871 1330 988 1396 adultis
1016 1331 1165 1414 luerunt,
1194 1331 1302 1396 littera

130 1416 220 1480 nulla
242 1419 305 1497 est,
350 1435 408 1478 uae
431 1412 560 1497 quidem
584 1416 732 1478 ornatum
748 1415 886 1498 aliquem
901 1414 1019 1481 habeat
1034 1422 1066 1482 et
1080 1416 1218 1482 oratoris
1233 1437 1301 1480 essa

130 1500 286 1565 videatur.
325 1435 524 1581 &namquam
548 1498 659 1581 opinio
682 1501 731 1562 est
753 1501 785 1562 et
807 1521 889 1577 eum,
914 1500 968 1583 qui
984 1501 1095 1565 multis
1117 1502 1211 1566 annis
1226 1504 1301 1564 ante

89 1607 115 1648 ss
129 1585 188 1649 hos
204 1584 312 1664 fuerit,
336 1583 540 1648 Pisistratum
563 1586 595 1646 ot
609 1581 704 1665 paulo
719 1583 878 1647 seniorem
893 1585 989 1648 etiam
1006 1583 1158 1650 Solonem
1173 1590 1302 1668 postea-

128 1691 189 1754 que
212 1669 413 1735 Clisthenem
434 1666 588 1744 multum,
613 1670 649 1730 ut
670 1668 868 1751 temporibus
890 1668 969 1749 illis,
991 1668 1130 1734 valuisse
1153 1669 1300 1734 dicendo.

126 1870 510 1950 sc.nobisvidentureae,
555 1867 689 1946 desple-
740 1868 991 1924 kleisoh·Thuc
1020 1870 1301 1926 dideischoZeit·

126 1938 361 2060 rqqnetqhxerunt,
379 1886 689 2057 qqivpntrorirqqqsirtqo,
740 1936 909 2058 qvltearoder
930 1888 1175 1994 oralbrischen
1193 1939 1301 1994 Prosa

127 2023 210 2144 lodii
228 2021 388 2140 liliolieib
406 2044 478 2149 ,orii
495 2019 566 2136 lei?
574 2070 601 2124 11
620 2019 689 2125 illo
777 2076 816 2124 11.
834 2045 915 2149 maus
926 2072 1032 2141 scripta
1049 2073 1186 2141 quaedem
1203 2072 1298 2139 ferun·

163 2149 187 2195 2.
216 2156 302 2208 quare
319 2141 374 2196 etc.
392 2127 515 2193 Ahnhch
532 2139 567 2192 de
580 2139 643 2192 or.I
657 2144 688 2192 19
740 2142 788 2192 twr
815 2138 870 2193 Oro.
896 2139 965 2193 lesu
993 2139 1039 2194 die
1068 2140 1202 2194 ththeit
1230 2140 1299 2194 oder

127 2209 317 2275 Quamobrem
326 2207 423 2261 mirari
433 2207 601 2271 desinamu,
614 2221 688 2272 quae
740 2205 911 2260 Unechtheit
946 2206 1059 2262 dieser
1090 2207 1299 2261 Perikleischen

126 2291 213 2332 causa
241 2275 278 2329 sit
307 2273 499 2342 eloquentium
526 2273 687 2343 paucitatis,
741 2272 882 2327 Schriften
893 2273 1095 2344 dahingestellt
1103 2276 1162 2329 sein
1172 2274 1230 2328 und
1238 2275 1300 2328 hen

125 2361 192 2399 cnm
221 2359 257 2397 ex
284 2343 324 2398 eis
352 2343 437 2398 rebus
465 2340 602 2396 universis
632 2341 688 2395 elo·
740 2340 799 2394 sich
825 2341 886 2395 hier
915 2358 969 2393 nur
998 2359 1033 2396 an
1063 2343 1109 2397 die
1143 2341 1298 2408 Tradition,

127 2409 247 2480 quentia
265 2413 386 2477 constet,
404 2409 433 2462 in
451 2409 553 2475 quibus
571 2408 689 2475 singulis
739 2407 812 2462 nach
831 2408 881 2464 der
899 2407 944 2464 dis
957 2412 1031 2465 erste
1047 2408 1219 2464 schriftliohe
1232 2409 1300 2463 Auf-

127 2480 276 2534 elaborare
293 2493 479 2547 permagnum
498 2480 548 2531 est.
578 2476 688 2531 Cassius
739 2475 896 2544 aeichnung
924 2491 978 2529 von
1004 2477 1103 2532 Reden
1130 2478 1172 2531 als
1197 2477 1300 2530 Kunst·

127 2547 249 2602 Severus
272 2561 317 2614 ap.
335 2546 433 2600 Senec.
456 2545 579 2622 excerpt.
598 2547 686 2598 contr.
738 2543 899 2662 produhten
911 2544 962 2598 aul
971 2543 1099 2600 Perikles
1112 2544 1299 2613 zurichgeht:

126 2614 169 2668 ΙΙΙ
186 2631 229 2682 pr.
250 2619 294 2666 ll:
315 2629 420 2682 magna
437 2612 467 2666 ot
484 2627 564 2666 varia
581 2627 626 2666 res
644 2613 688 2665 est
759 2611 924 2666 eor.1193:
942 2611 1138 2679 Antiquissimi
1155 2614 1214 2666 fere
1226 2613 1299 2677 sunt,

126 2680 290 2749 eloquentia
318 2697 410 2748 neque
439 2679 532 2733 adhuc
561 2679 613 2732 ulli
648 2679 688 2733 sic
757 2693 856 2732 meson
890 2679 1003 2747 quidem
1031 2682 1136 2748 scripta
1170 2685 1300 2745 condem,

125 2749 244 2802 indulsit
265 2750 299 2802 ut
319 2750 381 2803 tota
403 2746 591 2814 contingeret3
619 2747 687 2800 satis
767 2746 863 2801 crisim
880 2750 966 2812 atque
979 2747 1139 2802 Alcibiades
1157 2749 1186 2802 et
1200 2747 1300 2802 eadem

125 2816 195 2871 felix
207 2817 251 2868 est
263 2816 351 2882 quiin
364 2816 489 2882 aliquam
502 2814 561 2868 eins
573 2813 685 2883 partem
739 2815 834 2867 aetate
851 2812 1042 2881 Thucydides,
1061 2815 1191 2880 subtiles,
1215 2814 1300 2880 anuh,

127 2887 259 2951 receptus
277 2888 327 2942 est.
739 2880 838 2935 breves
865 2880 1069 2949 sententiisque
1096 2884 1187 2951 magis
1214 2898 1300 2949 quam

160 2953 188 3019 a)
212 2938 361 3004 llbersicht
378 2950 429 3004 der
447 2947 615 3004 Geschichte
638 2948 688 3002 der
739 2948 833 3002 verbis
851 2947 1035 3004 abundantes.

124 3019 371 3074 oratorisohen
382 3017 489 3071 Prusa
498 3016 526 3069 in
538 3015 688 3070 Griechen-
776 3022 815 3069 12.
830 3016 1006 3070 nascentibus
1015 3045 1046 3054 -
1058 3015 1107 3068 ‘im
1117 3015 1241 3069 Warden
1251 3016 1299 3070 be·

124 3086 194 3140 land
206 3101 262 3139 von
271 3085 397 3140 Porihles
412 3085 455 3138 bis
468 3084 519 3138 anf
528 3083 688 3138 Demetrius
775 3082 852 3136 iffcn'
883 3084 956 3136 nach
988 3083 1078 3137 einem
1114 3083 1178 3136 sehr
1212 3083 1299 3136 nahe-

125 3170 182 3208 von
200 3152 333 3208 Phaleros
352 3152 493 3220 (at-39).
751 3151 777 3204 ie
799 3149 889 3204 endan
923 3149 1074 3218 Vcrgleich
1108 3149 1157 3204 des
1213 3166 1300 3204 anzen

161 3227 185 3277 t.
213 3221 279 3275 baec
303 3225 342 3275 est
360 3222 415 3299 etc.¹
437 3236 457 3272 s.
476 3218 508 3298 ld.
528 3218 595 3273 krit.
614 3218 687 3277 Anh,
738 3167 828 3272 Volks
845 3217 913 3294 oder
925 3217 1038 3296 §tactos
1050 3218 1120 3296 oder
1135 3168 1300 3295 aucieiner

125 3289 310 3342 moumnentis
339 3293 364 3342 et
393 3287 494 3341 littam
529 3285 562 3339 ln
594 3285 687 3341 Athen
739 3285 831 3338 Kunst
849 3288 901 3338 mit
919 3302 1011 3340 ernam
1031 3285 1176 3339 einzelnen
1193 3284 1299 3338 Indrvr-

125 3355 223 3410 wurde
249 3355 295 3410 die
322 3355 413 3409 oratio
439 3354 530 3408 rueret
551 3353 605 3406 fiir
632 3352 687 3406 die
739 3352 838 3418 duum,
861 3352 1139 3422 wiederop.1121
1162 3351 1300 3406 videtisne

125 3422 307 3478 Nachwelt
325 3421 545 3476 aufbewahrt
562 3420 619 3473 und
635 3421 688 3484 (als
738 3420 835 3486 igitur,
852 3421 933 3474 unius
952 3419 1005 3474 viri
1024 3423 1072 3486 (sc.
1090 3419 1212 3487 Romuli)
1235 3435 1300 3472 eon-

125 3491 175 3544 ein
217 3489 418 3544 litterarisches
462 3487 687 3556 Kunstprodukt‚
739 3487 800 3540 silio
817 3502 875 3540 non
897 3487 988 3540 solum
1011 3490 1103 3541 ortum
1126 3503 1228 3540 novum
1249 3503 1299 3554 po-

125 3557 201 3612 denn
232 3557 331 3611 darum
357 3555 477 3610 handelt
501 3555 584 3610 sioh’s
615 3554 686 3622 hier)
738 3555 851 3623 pulum,
875 3570 966 3621 neque
988 3554 1068 3609 utin
1089 3554 1235 3608 cunabulis
1254 3569 1299 3610 va·

124 3622 618 3691 schriftlichausgezeichnet.
654 3629 687 3676 52
739 3622 864 3690 gientem
882 3622 1020 3688 relictum,
1039 3622 1088 3676 sed
1101 3621 1298 3676 adultumiam

125 3696 265 3762 quantum
283 3708 317 3746 ex
334 3691 523 3745 monumentis
541 3691 578 3755 (d.
590 3691 618 3744 h.
638 3705 688 3745 aus
739 3692 769 3742 et
790 3705 881 3756 paene
923 3690 1061 3744 uberem?-
1094 3689 1159 3744 Tac.
1181 3690 1245 3743 dial.
1263 3689 1299 3743 de

124 3757 688 3820 denvorhandenen,derNachweltauf·
740 3773 779 3814 or.
798 3763 831 3810 25
849 3772 874 3809 a
917 3799 922 3810 .
954 3758 1029 3824 qnod
1047 3757 1084 3811 ad
1102 3756 1160 3812 Ser.
1178 3757 1300 3810 Galbam

124 3827 291 3882 bewahrten
312 3825 503 3881 Aufzeichnun
525 3833 571 3892 en)
599 3824 687 3894 suspi-
739 3826 770 3877 et
796 3823 826 3879 0.
845 3823 971 3877 Laelium
999 3824 1101 3878 attinet
1124 3825 1153 3877 et
1178 3824 1201 3878 si
1230 3839 1299 3890 quos

125 3896 184 3949 cari
201 3895 276 3949 licet.
295 3899 391 3960 asma,
406 3899 463 3950 181.
513 3909 566 3948 err,
587 3893 627 3947 IV
638 3899 687 3948 106
739 3891 810 3944 alios
833 3891 1010 3957 antiquorum
1034 3891 1144 3961 agitare
1170 3908 1226 3945 non
1252 3891 1299 3944 de-

124 3965 208 4016 votus
233 3963 277 4016 est
298 3962 369 4016 haec
392 3960 500 4029 opinio,
529 3978 601 4029 quae
624 3977 687 4016 oon·
739 3959 825 4025 stitit,
844 3974 898 4012 non
917 3958 1007 4028 exigit
1024 3959 1215 4024 defensorem,
1235 3974 1299 4010 cum

124 4031 185 4083 stat
214 4045 249 4082 ex
284 4027 485 4097 antiquissimis
516 4027 687 4083 Graecorum
738 4026 830 4080 fatear
848 4027 988 4094 quaedam
1006 4026 1184 4094 eloquentiae
1201 4041 1298 4079 eorum

124 4097 228 4152 litteris
245 4113 278 4150 ae
295 4096 491 4162 mensurantis,
508 4097 627 4149 insulam
646 4096 687 4149 Si·
739 4096 771 4146 ut
787 4097 914 4149 nascenti
931 4094 1023 4148 adhuc
1039 4109 1093 4147 nec
1105 4093 1172 4147 satis
1184 4093 1300 4146 adultae

124 4163 220 4218 ailiam
237 4165 328 4218 totam
340 4180 402 4218 esse
416 4162 511 4218 Cereri
528 4164 557 4217 et
568 4163 687 4218 Liberae
739 4161 867 4216 defuisse.

124 4234 328 4290 consecratam.
777 4237 816 4284 16.
840 4235 873 4284 ut
891 4229 967 4296 ‘fiir’,
988 4229 1015 4282 d.
1034 4229 1062 4282 h.
1081 4228 1117 4282 im
1137 4226 1299 4281 Verhttltnis

161 4302 190 4364 1)
203 4299 269 4354 Das
281 4299 411 4354 tlteste
423 4299 507 4354 oder
519 4298 579 4352 das
590 4299 687 4352 Peri·
740 4315 781 4364 zu,
793 4299 867 4351 nach
876 4298 941 4352 dem
950 4296 1102 4351 Malsstabe
1111 4293 1191 4364 jener
1201 4294 1299 4350 Zeiten
