3050 4848
597 250 742 306 BRUTUS
760 257 806 318 44,
821 257 878 307 roa.
1261 253 1321 318 121

238 404 395 471 Omnibus
417 406 546 488 quidem
568 403 655 488 aliis,
677 406 828 487 inquam,
851 405 887 469 in
909 404 1166 489 magistratibus,
1190 403 1245 469 sed
1267 406 1324 470 tri-

152 490 258 555 bunus
281 511 365 554 anno
380 493 454 573 post
473 490 550 568 fuit,
574 509 677 573 eoque
692 489 727 552 in
748 489 863 554 rostris
885 490 1017 554 sedente
1038 491 1139 554 suasit
1154 488 1323 554 Serviliam

154 575 257 659 legem
274 574 422 658 Crassum
446 596 522 638 nam
546 595 711 638 censuram
734 574 803 638 sina
825 571 981 639 Scaevola
1002 575 1117 659 gessit:
1142 596 1214 639 eum
1237 575 1323 639 euim

152 660 378 744 magistratum
392 681 487 724 nemo
498 680 651 743 umquam
663 657 886 724 Scaevolarum
901 659 1024 742 petivit.
1048 659 1110 724 Sed
1125 658 1204 724 haec
1216 658 1323 724 Crassi

127 762 227 808 acum
243 744 328 808 edita
343 745 446 809 oratio
461 749 525 827 est,
547 765 643 828 quam
665 746 698 808 te
720 765 814 827 saepe
836 743 951 827 legisse
968 748 1055 808 certo
1071 745 1148 827 scio,
1172 748 1324 828 quattuor

153 832 187 893 at
213 829 349 913 triginta
376 834 446 894 tum
473 829 615 893 habebat
642 849 744 893 annos
772 829 970 912 totidemque
993 831 1085 894 annis
1112 828 1192 892 mihi
1220 832 1324 893 aetate

152 915 347 997 praestabat.
381 912 441 977 His
458 913 544 978 enim
559 913 741 978 consulibus
757 934 828 977 eam
850 913 955 998 legem
977 914 1093 996 suasit,
1118 914 1233 996 quibus
1254 914 1324 978 nati

154 1020 272 1079 sumus,
296 998 459 1082 cumipse
482 1002 566 1063 esset
587 996 623 1074 Q.
641 996 803 1081 Caepione
826 997 957 1063 consule
980 1001 1076 1062 natus
1098 1006 1131 1062 et
1153 997 1189 1062 Ο.
1204 997 1321 1076 Laelio,

153 1083 293 1148 triennio
320 1083 391 1167 ipso
420 1083 527 1147 minor
551 1104 647 1167 quarn
669 1082 840 1149 Antonius.
882 1080 975 1158 Quod
1002 1082 1122 1148 idcirco
1151 1083 1260 1166 posui,
1287 1086 1325 1146 ut

115 1187 139 1225 10
154 1167 281 1232 dicendi
299 1167 413 1232 Latine
435 1168 539 1251 prima
560 1167 729 1232 maturitas
750 1167 785 1232 in
807 1189 870 1252 qua
892 1169 997 1232 aetate
1019 1167 1194 1234 exstitisset
1214 1171 1324 1252 posset

152 1253 260 1318 notari
279 1257 311 1316 et
332 1251 574 1337 intellegeretur
595 1253 658 1316 iam
681 1252 722 1316 ad
744 1274 901 1317 summum
923 1272 1026 1336 paene
1041 1274 1110 1316 esse
1125 1253 1323 1336 perductam,

152 1339 189 1400 ut
216 1358 253 1402 eo
280 1335 364 1401 nihil
389 1336 490 1401 ferme
517 1337 686 1421 quisquam
714 1337 830 1402 addere
857 1341 981 1420 posset,
1007 1338 1071 1400 nisi
1093 1337 1149 1420 qui
1177 1359 1196 1401 a
1221 1336 1323 1420 philo·

152 1421 283 1506 sophia,
307 1443 326 1485 a
348 1424 417 1486 iure
440 1421 543 1502 civili,
567 1422 608 1486 ab
630 1422 765 1486 historia
787 1421 901 1487 fuisset
922 1421 1119 1487 instructior.

237 1505 324 1587 Erit,
347 1507 453 1590 inquit
475 1505 629 1586 Brennus,
653 1509 795 1572 entiam
817 1507 957 1584 caliste,
981 1527 1074 1589 quem
1097 1506 1286 1589 exspectas?
1316 1505 1425 1571 44162

114 1609 139 1648 1⁵
226 1590 364 1670 Nescio,
388 1593 532 1673 inquam.
570 1591 632 1656 Sed
652 1595 702 1656 est
722 1593 820 1656 etiam
839 1590 877 1656 1..
893 1589 1000 1656 Crassi
1022 1593 1057 1655 in
1074 1590 1242 1656 consulatu
1263 1612 1322 1674 pro

153 1674 190 1750 Q.
213 1674 377 1760 Caepione
399 1675 543 1740 defensio
565 1698 632 1740 non
655 1678 760 1742 brevis
783 1681 819 1740 ut
846 1675 1001 1756 laudatio,
1031 1679 1067 1739 ut
1088 1675 1190 1739 oratio
1213 1681 1322 1739 autem

152 1760 273 1844 brevis3
296 1765 460 1844 postrema
474 1761 614 1825 censoris
629 1762 741 1844 oratio,
764 1782 827 1846 qua
850 1781 935 1824 anno
953 1758 1322 1844 duodequinquagesimo

152 1866 228 1909 usus
250 1848 309 1909 est.
352 1844 393 1910 In
414 1845 465 1910 his
488 1845 637 1910 omnibus
659 1848 745 1910 inest
766 1844 897 1930 quidam
918 1845 987 1908 sine
1006 1844 1073 1908 ullo
1088 1845 1162 1908 luco
1179 1845 1323 1909 veritatis

152 1929 256 2013 color3
286 1929 483 2014 quinetiam
510 1929 753 2014 comprehensio
777 1933 810 1994 et
837 1930 976 1994 ambitus
1003 1929 1058 1995 ille
1081 1930 1265 2012 verborum,
1295 1930 1323 1994 si

187 2155 211 2205 2.
245 2149 277 2202 in
307 2149 406 2204 rostris
434 2148 545 2204 cadente
578 2148 636 2204 Der
664 2150 713 2205 be·
765 2148 838 2203 noch
872 2147 918 2202 eiu
953 2146 1060 2201 Schritt
1098 2165 1148 2201 aur
1188 2147 1325 2202 htehsten

152 2214 291 2270 treffeuds
313 2216 445 2283 Beamtc,
469 2217 520 2270 der
542 2218 593 2272 der
612 2217 712 2272 Volks-
766 2216 946 2285 Vollendung
963 2213 1148 2283 dbrigbleibt.

153 2283 365 2354 versammlung
407 2284 588 2353 prasidierte,
632 2286 712 2340 hatte
799 2291 840 2338 12.
858 2285 917 2337 nisi
930 2283 980 2351 qai
997 2283 1048 2336 das
1062 2283 1207 2338 wareben
1219 2281 1326 2337 Cicero.

153 2351 249 2406 seinen
267 2350 346 2407 Platz
363 2353 393 2406 in
411 2353 516 2406 rostris.
798 2368 817 2405 a
834 2350 1012 2421 philosophia
1036 2353 1089 2405 ete.
1120 2359 1187 2405 ‘von
1213 2350 1325 2416 sciten',

187 2426 211 2474 3.
228 2436 294 2474 num
311 2421 364 2473 mit
381 2420 431 2474 der
448 2420 712 2475 bekannteullr'lrae
764 2428 834 2473 ‘was
858 2418 1180 2487 anbelangt’198‚233.
1212 2417 1325 2472 Schultz

153 2486 202 2542 des
214 2487 391 2565 Ausdrucks:
410 2487 545 2566 iohlrann
556 2489 610 2542 mit
620 2489 713 2543 Recht
763 2489 852 2554 5208,
868 2493 893 2544 1.
951 2554 957 2566 ι
1122 2553 1128 2564 ¹
1291 2556 1297 2567 Ι

152 2555 715 2702 ttrtahtfttttssraarrath
765 2559 1005 2677 ..tartha
1021 2558 1065 2700 111
1082 2553 1327 2700 1111111111

154 2690 279 2744 brauche
308 2690 355 2743 roh
383 2690 467 2745 herne
497 2691 651 2745 Rr‘ioksrcht
679 2708 714 2745 au
765 2690 872 2755 fassen,
890 2689 1012 2744 eundern
1029 2689 1120 2744 ihrem
1138 2689 1326 2768 Hauptmhalt

154 2757 290 2823 nahmen,
309 2757 355 2811 dic
373 2758 465 2812 bleibt
481 2757 714 2828 selbstverstand·
765 2757 838 2812 nach
855 2774 909 2811 nur
926 2757 1016 2811 cine:
1038 2757 1125 2810 wird
1147 2773 1177 2812 es
1195 2773 1226 2827 Je
1245 2757 1326 2811 einen

153 2823 213 2878 lich
230 2833 471 2893 ausgenommen'.
500 2825 623 2881 Ahnlioh
639 2827 716 2880 steht
766 2842 797 2881 so
810 2824 1115 2879 volleudetenltedner
1152 2825 1239 2880 eben
1252 2825 1326 2892 (erit)

155 2892 215 2947 dies
227 2891 398 2947 naminder
411 2895 558 2972 occupatio
572 2893 715 2958 (derVor-
767 2893 835 2948 oder
863 2892 920 2946 ioh
948 2892 1036 2946 kann
1065 2908 1128 2946 auc
1187 2892 1326 2960 fragen:

154 2963 292 3030 beugung
309 2962 387 3015 eines
406 2962 547 3030 etwargen
564 2961 716 3030 Einwurfs)
767 2961 825 3015 ium
844 2959 905 3016 est?
964 3025 970 3036 ·

155 3035 214 3096 109,
234 3035 291 3091 175,
313 3029 402 3092 lle..
422 3035 480 3096 222,
500 3035 558 3092 228,
578 3035 637 3085 233.
804 3034 843 3084 15.
863 3027 918 3082 Sed
936 3042 989 3080 ΜΘ
1008 3027 1080 3081 aben
1097 3031 1122 3083 4.

187 3103 214 3152 4.
238 3096 287 3152 sed
308 3114 358 3150 aur
375 3095 645 3151 Wiederaufnahme
668 3096 717 3151 des
802 3101 842 3151 eet
864 3096 950 3150 aium
972 3124 1005 3133 —
1028 3093 1152 3159 defensio
1178 3093 1245 3172 ad.
1262 3093 1328 3171 krit.

156 3163 335 3219 Gadankens.
357 3171 399 3219 64.
768 3163 899 3232 Anhang.
938 3164 1040 3238 Ausser
1063 3161 1113 3214 der
1140 3176 1234 3215 semro
1256 3161 1328 3229 legis

190 3231 548 3354 affrzodzidpgrcofiposai
574 3231 626 3286 Die
635 3232 717 3354 bebep
769 3229 912 3353 capitae,
930 3231 1029 3350 worrptli
1046 3228 1162 3351 Cragum
1176 3228 1245 3361 gap
1264 3227 1326 3307 Ge-

157 3316 219 3422 aa.
238 3316 371 3421 aaa
387 3315 718 3422 attentatur.
769 3313 987 3443 1111111171
1014 3313 1078 3442 ht
1102 3310 1330 3448 ,1111111111ζὲ

159 3439 368 3512 2112121219.
465 3503 470 3514 ι
556 3503 562 3514 ⁸
607 3503 614 3513 Ι
769 3433 970 3555 {personhchm
1009 3431 1271 3500 erterdrgungsrede
1285 3432 1330 3485 lur

159 3503 719 3625 ἰηιὲτᾶςὲἶαυᾜιἨῧιιῧιεθ1111111111
770 3569 812 3624 als
830 3567 937 3646 Konsul
959 3567 1040 3622 hielt.
1075 3566 1120 3620 Da
1138 3583 1167 3622 es
1189 3567 1248 3622 sich
1270 3567 1331 3622 hier

159 3636 209 3697 1st;
234 3635 300 3690 Tac.
319 3636 384 3694 dial.
404 3636 439 3690 de
457 3653 496 3696 or.
514 3644 547 3693 26
570 3639 665 3692 malim
684 3675 718 3684 -
769 3654 818 3690 um
847 3635 893 3690 dre
920 3635 1049 3690 Person
1077 3634 1126 3690 des
1152 3635 1218 3688 hart
1244 3651 1330 3704 anga-

158 3703 189 3757 L.
202 3702 293 3758 Crassi
315 3705 516 3760 maturitatem.
551 3705 604 3760 Die
627 3705 719 3761 altera
768 3704 888 3774 klagten
901 3702 956 3758 (lae
978 3702 1006 3757 io
1016 3702 1163 3769 handeltc,
1182 3719 1214 3757 so
1226 3705 1330 3757 musste

159 3770 307 3826 maturitas
326 3773 367 3840 (so
384 3789 419 3826 au
437 3774 534 3842 sagen)
555 3774 622 3828 tritt
643 3773 718 3828 dana
770 3772 815 3826 die
843 3770 921 3825 [tede
969 3786 999 3824 es
1027 3769 1140 3826 Crassus
1167 3771 1330 3824 wescutlich

158 3839 212 3893 mit
230 3838 326 3894 Cicero
345 3840 399 3894 ein.
770 3840 832 3894 eine
851 3837 977 3893 laudatio
996 3838 1070 3905 sein,
1090 3838 1125 3892 de
1144 3854 1183 3893 or.
1201 3837 1228 3891 ΙΙ
1241 3836 1330 3892 34211.

158 3909 299 4030 Panopae
316 3912 406 3964 caute
428 3908 578 3963 innerhalb
595 3908 719 3963 welcher
805 3915 846 4029 pp.
864 3911 988 4029 “ludiim
1035 3973 1154 4028 cmm
1179 3971 1220 4024 im
1245 3971 1262 4025 J
1289 3977 1321 4026 92

181 3991 234 4097 eil.
256 4021 351 4098 notari
379 4043 439 4097 sich
466 4059 560 4110 genau
582 4044 639 4097 und
663 4043 720 4097 lest
770 4017 850 4098 nicht
878 4058 950 4121 auge
966 3991 1017 4095 adr
1034 4041 1140 4117 seinem
1158 4038 1244 4118 lude.
1323 4011 1330 4037 ⁹

158 4111 327 4178 sumerton,
351 4111 423 4166 eben
446 4111 568 4165 mittclst
588 4111 639 4164 der
657 4126 718 4165 vor·
807 4110 991 4165 lacerantis
1014 4108 1064 4163 des
1083 4106 1259 4175 wrrklrchen‚
1282 4121 1330 4175 ge·

157 4179 207 4232 hiu
224 4181 391 4248 gegebencn
406 4176 655 4246 chronologischen
667 4177 719 4233 Be·
771 4177 878 4232 eunden
896 4176 1007 4231 Lebens
1026 4182 1067 4231 70.

159 4247 319 4316 stimmung.
806 4253 846 4300 19.
865 4243 1064 4313 comprehensio
1082 4248 1123 4298 34.
1151 4241 1272 4296 ambitur
1294 4241 1330 4296 de

192 4315 306 4369 iamim
324 4314 348 4368 J.
359 4320 417 4369 106.
441 4329 530 4382 paene
547 4329 578 4367 so
591 4311 653 4368 dale
665 4331 719 4368 nur
771 4312 924 4368 or.111186
942 4311 991 4366 ille
1009 4312 1089 4379 quasi
1103 4310 1254 4365 verborum
1272 4326 1330 4363 am-

789 3518 824 3557 en
836 3500 867 3566 Q.
878 3499 1006 3568 Caepio
1022 3499 1146 3566 selbot,
1160 3499 1206 3554 die
1216 3498 1331 3554 Crassus
