3050 4848
225 250 266 314 66
617 248 761 303 neurus
781 255 821 317 10,
838 255 880 303 ον.
912 255 951 315 11,
970 255 1010 308 ra.

227 403 353 466 secutus
369 405 427 484 est,
449 403 486 465 ut
501 401 585 485 apud
600 423 671 482 nos,
694 401 914 486 perantiquus,
937 404 973 465 ut
989 401 1073 485 apud
1089 401 1314 482 Athenienses,
1331 427 1404 470 non
1491 420 1492 480 l

226 487 274 552 ita
297 508 375 551 sane
398 489 501 571 vetus3
524 485 588 550 fuit
609 487 695 550 enim
717 491 874 572 regnante
895 488 959 550 ianr
984 486 1134 569 Graecia,
1156 492 1270 552 nostre
1291 495 1404 554 antem

225 571 354 638 civitate
377 594 444 637 non
466 573 513 635 ita
534 570 658 655 pridem
680 571 845 637 dominatu
867 574 957 655 regio
981 572 1126 636 liberata.
1171 571 1257 637 Nam
1280 575 1404 639 bellum

226 655 421 722 Volscorum
448 655 527 719 illud
555 656 792 740 gravissimum,
827 656 878 720 cni
909 655 1102 722 Coriolanus
1136 657 1210 721 exul
1241 659 1403 744 interfuit,

227 742 338 806 eodem
359 742 427 806 fere
450 743 594 824 tempore
617 761 679 824 quo
702 740 871 805 Persarum
894 741 1012 805 bellum
1035 741 1112 821 fuit,
1137 741 1313 826 similisque
1336 744 1432 808 for-s

175 842 209 891 42
226 829 307 891 tuna
330 826 488 891 clarorum
509 827 667 909 virorum,
696 826 724 889 si
746 825 875 910 quidem
898 829 1031 910 uterque
1055 847 1127 890 cnm
1151 827 1228 890 civis
1251 830 1405 913 egregius

225 911 350 994 fuisset,
372 907 483 994 populi
505 910 625 993 ingrati
647 911 758 994 pulsus
777 910 894 974 iniuria
914 931 947 974 se
962 912 1002 975 ad
1018 909 1127 975 hostes
1144 912 1281 976 contulit
1303 935 1405 978 eona·

226 1000 358 1080 tumque
381 995 566 1060 iracundiae
593 1016 668 1060 suae
690 998 794 1060 morte
817 996 948 1060 sedavit.
992 994 1078 1060 Nem
1106 998 1166 1060 etsi
1194 996 1287 1062 aliter
1315 998 1404 1082 apud

226 1083 259 1144 te
288 1083 352 1162 est,
382 1080 505 1157 Attice,
538 1080 576 1144 de
605 1078 792 1160 Coriolano,
821 1081 958 1144 concede
987 1083 1097 1144 tamen
1123 1083 1160 1145 ut
1186 1080 1260 1146 huic
1288 1084 1403 1166 generi

227 1164 340 1228 mortis
362 1166 470 1248 potius
494 1163 666 1229 adsentiar.
1416 1191 1443 1230 10

168 1253 210 1319 ll
312 1251 357 1315 At
378 1251 430 1315 illc
452 1250 558 1314 ridens
573 1250 643 1314 Tuo
659 1271 744 1331 vero,
766 1249 882 1333 inquit,
905 1249 1076 1333 arbitratu3
1101 1250 1403 1335 quoniamquidem

229 1356 415 1400 concessum
438 1338 487 1398 est
508 1334 689 1399 rhetoribus
712 1335 859 1399 ementiri
873 1336 907 1398 in
922 1333 1076 1416 historiis,
1101 1339 1136 1399 ut
1158 1335 1199 1399 ali
1226 1336 1279 1399 nid
1296 1337 1402 1401 dicere

227 1421 356 1506 possint
378 1420 533 1502 argutius.
567 1418 613 1484 Ut
631 1419 715 1483 enirn
731 1423 767 1483 tn
783 1441 869 1483 nnnc
884 1420 922 1482 de
938 1418 1119 1498 Coriolano,
1144 1421 1189 1484 sic
1203 1357 1401 1503 illitarchus,

175 1520 209 1570 43
227 1505 272 1570 sic
295 1504 470 1569 Stratocles
498 1505 537 1568 de
558 1503 774 1568 Themistocle
801 1504 904 1568 finxit.
949 1502 1034 1568 Nam
1063 1526 1156 1587 quem
1182 1505 1400 1589 Thucydides,

226 1591 282 1674 qui
305 1593 337 1654 et
359 1589 568 1654 Atheniensis
597 1593 666 1653 erat
694 1593 727 1654 et
747 1611 872 1654 summo
901 1589 972 1653 loco
1000 1591 1094 1652 natus
1117 1610 1323 1675 summusque
1346 1593 1442 1657 vir1⁵

227 1680 260 1738 et
280 1676 376 1758 paulo
398 1677 501 1739 aetate
523 1675 695 1759 posterior,
723 1677 850 1739 tantum
881 1674 993 1737 morbo
1022 1677 1183 1738 mortuum
1212 1677 1343 1758 scripsit
1367 1682 1401 1742 et

226 1761 261 1824 in
275 1759 386 1824 Attica
409 1759 490 1824 clam
512 1759 689 1838 humatum,
714 1759 837 1823 addidit
858 1759 956 1822 fuisse
971 1760 1182 1842 suspitionem
1196 1781 1321 1825 veneno
1337 1762 1399 1826 sibi

227 1844 418 1909 conscivisse
440 1849 591 1908 mortem:
614 1843 701 1908 hunc
715 1844 770 1908 isti
784 1843 891 1924 ciunt,
916 1865 988 1907 cum
1010 1849 1138 1908 taurum
1158 1845 1399 1921 immolavisset,

226 1929 388 2013 excepisse
416 1931 606 2015 sanguinem
634 1932 747 2012 patera
775 1930 808 1992 et
836 1949 874 1992 eo
906 1932 984 2012 poto
1017 1933 1178 1993 mortuum
1212 1932 1400 1996 concidisse.

261 2155 282 2203 1.
296 2153 329 2203 ut
341 2149 479 2216 aprunos
488 2178 522 2188 -
531 2149 604 2202 nach
616 2148 787 2204 derehrono-
837 2147 1098 2202 alexandrinischen
1145 2146 1399 2204 Geschiehtschrei·

225 2217 253 2271 lo
276 2217 369 2270 'sehen
388 2215 474 2270 Shala
492 2217 543 2270 der
559 2215 717 2272 romischen
733 2215 785 2270 Ge·
836 2214 906 2268 bern
925 2214 1007 2285 eigen
1024 2232 1092 2270 war.
1123 2214 1172 2269 Ale
1189 2211 1291 2285 ῥήτωρ,
1311 2219 1401 2272 meint

225 2302 254 2339 sc
276 2285 350 2339 'ehte
369 2287 435 2351 (39).
836 2282 947 2336 Atticus
974 2282 1013 2335 im
1041 2282 1155 2348 Scherr,
1182 2284 1277 2338 werde
1302 2283 1401 2339 Cicero

259 2359 284 2408 2.
306 2357 439 2422 repedate
456 2351 496 2404 als
513 2350 720 2405 Grieehenland
741 2354 783 2405 in·
836 2350 911 2404 wohl
924 2350 1005 2416 auch,
1019 2350 1072 2404 wie
1082 2351 1158 2405 scine
1168 2349 1307 2418 Kollegen
1317 2356 1401 2407 untur

225 2420 301 2489 fulge
319 2420 369 2474 der
381 2419 580 2487 Perserkriege
597 2419 702 2473 bereits
720 2419 783 2474 eine
836 2417 890 2472 den
909 2418 1062 2485 Griechen,
1082 2419 1133 2472 suf
1149 2418 1197 2472 das
1215 2418 1400 2491 Privilegium

226 2486 405 2542 Grolsmacht
416 2503 482 2545 wer.
501 2486 558 2541 Der
570 2485 717 2540 Ausdruclr
730 2496 783 2541 ‘re-
834 2485 999 2554 Ansprnehe
1031 2486 1149 2540 macheu
1175 2487 1291 2551 dliffen,
1320 2488 1402 2542 nicht

225 2557 341 2623 guante’
360 2553 398 2607 ist
409 2555 475 2607 dem
487 2553 644 2623 Gegensatz
657 2570 712 2608 von
725 2555 785 2609 ‘do
835 2554 936 2607 immer
954 2557 1051 2624 strong
1076 2554 1123 2608 bei
1146 2554 1197 2608 der
1213 2554 1400 2611 historischen

225 2623 334 2676 minatu
355 2637 386 2675 re
409 2621 445 2675 'o’
466 2621 586 2675 zuliehe
601 2622 734 2692 gewchlt.
764 2641 785 2681 s.
840 2619 989 2676 Wahrheit
1006 2639 1041 2674 cu
1058 2622 1180 2676 bleiben.

228 2689 333 2769 dhrit.
348 2637 421 2742 Anhl.
472 2757 478 2768 ⁹
511 2757 516 2768 Ι
872 2694 910 2743 13.
929 2706 963 2742 ar
982 2689 1213 2757 utinspihanter,
1230 2691 1400 2760 desgrdlse-

260 2763 284 2811 4.
307 2757 381 2810 allud
397 2772 590 2826 praecessurum
607 2757 656 2811 des
668 2756 693 2813 J.
707 2757 733 2811 d.
744 2756 784 2811 St.
836 2772 886 2810 ren
904 2705 1013 2810 Effelts
1029 2773 1137 2835 wegen.

227 2831 286 2890 262,
299 2842 326 2879 v.
339 2824 387 2879 Ch.
401 2830 460 2891 489,
479 2842 528 2877 zur
540 2824 784 2894 Unterscheidung
872 2830 912 2877 14.
933 2825 1018 2892 [insit
1036 2825 1086 2878 der
1104 2824 1179 2894 Smg.
1199 2826 1253 2880 wie
1272 2834 1314 2882 30,

226 2910 282 2948 von
316 2892 450 2947 frtiheren
484 2892 607 2960 Kriegen
641 2893 694 2946 mit
729 2895 784 2946 den
873 2897 914 2945 16.
930 2893 1017 2959 paulo
1027 2897 1117 2946 aetate
1129 2895 1266 2962 posterior
1278 2895 1338 2948 also
1351 2913 1401 2949 um

225 2959 378 3025 Volslrern,
397 2961 532 3015 zunttehst
547 2961 611 3015 dem
628 2959 716 3029 Krieg
734 2961 784 3014 des
835 2975 865 3012 so
884 2960 1126 3028 glaubwr'irdiger.

225 3028 250 3082 J.
268 3035 333 3098 491,
365 3029 416 3082 der
442 3029 587 3084 Coriolans
614 3027 707 3081 Ruhm
736 3028 784 3082 be·
869 3028 959 3107 psorho
982 3034 1120 3082 mortuum
1138 3027 1223 3082 Thuc·
1242 3028 1255 3081 I
1275 3035 1324 3084 138
1343 3050 1401 3085 νο-

225 3096 372 3166 griindete.
837 3111 946 3163 σησας
960 3097 993 3150 δε
1007 3095 1129 3151 relecto}
1142 3093 1193 3151 τὸν
1205 3098 1269 3166 βίον
1290 3103 1322 3163 (s.
1341 3097 1401 3157 ind.

259 3171 283 3221 7.
311 3169 440 3220 conatum
457 3196 488 3204 —
507 3180 543 3217 an
565 3164 616 3218 der
633 3163 784 3218 Ausfuh-
836 3162 1059 3229 Themistohles).
1114 3151 1120 3170 ⁴

225 3249 311 3355 οο
750 3231 786 3300 r
837 3230 1256 3365 carrionensi
1278 3250 1328 3354 r.
1349 3233 1402 3355 rr

260 3375 283 3423 8.
303 3369 381 3436 apud
394 3372 420 3422 te
433 3367 462 3420 in
477 3367 588 3421 deinem
598 3368 671 3421 liber
681 3366 788 3421 annalis
840 3366 1009 3432 eigentliche
1027 3366 1192 3420 historische
1204 3317 1320 3421 Berieht
1336 3369 1399 3422 lau·

225 3435 298 3489 Einl.
316 3442 331 3500 ξ
348 3441 372 3500 8,
391 3437 472 3488 Anm.
486 3440 527 3492 38,
838 3434 894 3486 tet:
912 3432 1035 3502 νοσήσας
1048 3436 1166 3510 τελευτᾷ
1179 3431 1229 3488 τὸν
1247 3438 1321 3502 βίον,
1341 3437 1400 3491 bei-

265 3509 290 3556 9.
319 3502 433 3556 concede
458 3507 552 3556 tamen
586 3520 606 3556 s.
626 3501 789 3573 Einleitung
838 3500 926 3568 laufig
943 3501 1075 3555 hemerht
1087 3518 1118 3556 er
1128 3503 1213 3555 noch:
1233 3502 1350 3571 λέγουσι
1365 3503 1400 3559 δέ

232 3575 309 3637 522,
329 3570 410 3623 Anm.
427 3576 482 3624 152.
838 3587 922 3630 τινες.

264 3643 303 3690 11.
318 3637 414 3692 ridens
421 3654 463 3691 we
486 3653 520 3691 en
530 3636 787 3706 desvorausgehen·
874 3641 913 3690 18.
925 3653 987 3690 cnm
999 3641 1113 3691 taurana
1122 3638 1315 3693 immolavisset
1327 3637 1399 3694 Eine

227 3704 282 3782 den
299 3705 429 3771 concede,
449 3654 490 3783 als
508 3720 590 3783 pann
602 3705 650 3759 bei
668 3706 717 3760 der
729 3705 782 3760 Be·
837 3703 1011 3782 Anspielung
1023 3705 1075 3758 suf
1084 3704 1159 3759 diese
1169 3705 1241 3782 Sego
1255 3721 1310 3760 von
1324 3706 1398 3761 The·

226 3773 379 3840 shmmung
413 3772 572 3841 obJektrver
605 3773 783 3828 Thateachen
834 3771 986 3826 mrstohles'
1017 3771 1273 3852 Selbstvergrftung
1308 3774 1400 3828 durch

227 3841 277 3894 das
294 3838 453 3908 subjelrlive
469 3839 605 3895 Belieben
622 3841 671 3895 des
689 3841 783 3896 Histo·
835 3839 972 3894 Stierblut
1006 3840 1101 3894 finden
1135 3858 1185 3895 wrr
1224 3843 1310 3894 schon
1350 3841 1399 3896 bei

226 3909 315 3963 rikers
332 3911 419 3962 etwas
436 3925 470 3961 zu
488 3907 622 3963 erlauben
638 3909 732 3963 hatte!
835 3907 977 3974 Aristoph.
996 3909 1083 3974 equit.
1103 3927 1129 3963 v.
1147 3914 1180 3963 83
1190 3908 1209 3962 f.
1228 3912 1282 3977 (wo
1295 3908 1399 3965 Nikiss

262 3982 302 4030 12.
328 3976 480 4031 rhetoribus
497 3975 607 4030 Atticus
628 3977 717 4030 wuhlt
734 3978 783 4031 ab·
834 3993 869 4029 zu
880 3975 1084 4030 Demosthenes
1099 3975 1230 4045 sprieht:)
1248 3975 1398 4045 βέλτιστον

227 4043 355 4099 siehtlich
367 4045 417 4097 das
465 4044 784 4110 'echisehewortweil
835 4040 905 4112 ἡμῖν
933 4041 1019 4112 αἷμα
1046 4041 1214 4113 ταύρειον
1237 4042 1349 4100 πιὶῖν
1381 4042 1396 4099 ὁ

226 4113 287 4166 sein
313 4111 415 4166 Vorwu
468 4112 539 4166 eben
566 4112 611 4165 die
640 4113 783 4167 bekannte
836 4109 1120 4180 &resurectione
1148 4109 1211 4182 γὰρ
1238 4114 1396 4176 θάνατος

227 4178 483 4260 ‘rhetorieierende’
493 4179 603 4234 Manier
611 4179 710 4234 treffen
721 4181 784 4246 soll,
836 4176 1031 4246 αϊοετοότοοος.

226 4247 279 4302 wie
297 4247 336 4301 sie
355 4249 410 4302 den
431 4247 625 4369 griechischen
642 4247 785 4302 Rhetoren
870 4253 911 4301 19.
922 4245 1395 4316 eopctoSchol.Nicandrdlexiph.

226 4316 285 4369 und
318 4317 402 4370 unter
454 4332 490 4370 en
520 4315 695 4370 Historikern
731 4317 785 4371 den
836 4321 886 4370 312
904 4310 936 4369 τὸ
957 4313 1092 4383 ταύρειον
1115 4312 1187 4384 αἷμά
1206 4333 1278 4385 φησι
1297 4316 1395 4384 Πραξ-
