<?xml version="1.0" encoding="UTF-8"?>
<!DOCTYPE html PUBLIC "-//W3C//DTD XHTML 1.0 Transitional//EN"
    "http://www.w3.org/TR/xhtml1/DTD/xhtml1-transitional.dtd">
<html xmlns="http://www.w3.org/1999/xhtml" xml:lang="en" lang="en">
 <head>
  <title>
</title>
<meta http-equiv="Content-Type" content="text/html;charset=utf-8" />
  <meta name='ocr-system' content='tesseract 3.04.00' />
  <meta name='ocr-capabilities' content='ocr_page ocr_carea ocr_par ocr_line ocrx_word'/>
</head>
<body>
  <div class='ocr_page' id='page_1' title='image "./cicerosbrutus00pidegoog_0076.png"; bbox 0 0 3050 4848; ppageno 0'>
   <div class='ocr_carea' id='block_1_1' title="bbox 233 114 1494 363">
    <p class='ocr_par' dir='ltr' id='par_1_1' title="bbox 233 114 1494 363">
     <span class='ocr_line' id='line_1_1' title="bbox 233 114 1494 363; baseline 0.005 -95"><span class='ocrx_word' id='word_1_1' title='bbox 233 220 276 284; x_wconf 76' lang='grc'>64</span> <span class='ocrx_word' id='word_1_2' title='bbox 601 216 745 272; x_wconf 76' lang='lat' dir='ltr'>caurus</span> <span class='ocrx_word' id='word_1_3' title='bbox 764 223 789 284; x_wconf 82' lang='lat' dir='ltr'>e,</span> <span class='ocrx_word' id='word_1_4' title='bbox 808 223 849 272; x_wconf 85' lang='lat' dir='ltr'>er.</span> <span class='ocrx_word' id='word_1_5' title='bbox 868 221 910 275; x_wconf 83' lang='lat' dir='ltr'>ae.</span> <span class='ocrx_word' id='word_1_6' title='bbox 942 223 982 283; x_wconf 86' lang='grc' dir='ltr'>ιο,</span> <span class='ocrx_word' id='word_1_7' title='bbox 1001 224 1043 272; x_wconf 85' lang='lat' dir='ltr'>ae.</span> <span class='ocrx_word' id='word_1_8' title='bbox 1469 114 1494 363; x_wconf 52' lang='lat' dir='ltr'><em>j</em></span> 
     </span>
    </p>
   </div>
   <div class='ocr_carea' id='block_1_2' title="bbox 70 367 1495 1550">
    <p class='ocr_par' dir='ltr' id='par_1_2' title="bbox 182 367 1495 875">
     <span class='ocr_line' id='line_1_2' title="bbox 182 367 1495 453; baseline 0.002 -21"><span class='ocrx_word' id='word_1_9' title='bbox 182 383 215 432; x_wconf 76' lang='lat'>37</span> <span class='ocrx_word' id='word_1_10' title='bbox 231 371 306 448; x_wconf 86' lang='lat' dir='ltr'>fuit,</span> <span class='ocrx_word' id='word_1_11' title='bbox 336 370 372 434; x_wconf 90' lang='lat' dir='ltr'>in</span> <span class='ocrx_word' id='word_1_12' title='bbox 399 391 462 453; x_wconf 91' lang='lat' dir='ltr'>qua</span> <span class='ocrx_word' id='word_1_13' title='bbox 490 370 645 434; x_wconf 89' lang='lat' dir='ltr'>naturalis</span> <span class='ocrx_word' id='word_1_14' title='bbox 674 370 794 434; x_wconf 91' lang='lat' dir='ltr'>inesset</span> <span class='ocrx_word' id='word_1_15' title='bbox 837 391 905 433; x_wconf 90' lang='lat' dir='ltr'>non</span> <span class='ocrx_word' id='word_1_16' title='bbox 933 367 1061 434; x_wconf 86' lang='lat' dir='ltr'>fucatus</span> <span class='ocrx_word' id='word_1_17' title='bbox 1082 369 1179 434; x_wconf 90' lang='lat' dir='ltr'>nitor.</span> <span class='ocrx_word' id='word_1_18' title='bbox 1225 369 1403 434; x_wconf 83' lang='lat' dir='ltr'>Phalereus</span> <span class='ocrx_word' id='word_1_19' title='bbox 1494 367 1495 370; x_wconf 51' lang='lat'>&#39;</span> 
     </span>
     <span class='ocr_line' id='line_1_3' title="bbox 234 419 1404 537; baseline -0.003 -16"><span class='ocrx_word' id='word_1_20' title='bbox 234 456 321 521; x_wconf 87' lang='lat' dir='ltr'>enim</span> <span class='ocrx_word' id='word_1_21' title='bbox 342 453 494 520; x_wconf 88' lang='lat' dir='ltr'>successit</span> <span class='ocrx_word' id='word_1_22' title='bbox 516 455 562 518; x_wconf 87' lang='lat' dir='ltr'>eis</span> <span class='ocrx_word' id='word_1_23' title='bbox 585 455 714 519; x_wconf 88' lang='lat' dir='ltr'>senibus</span> <span class='ocrx_word' id='word_1_24' title='bbox 737 419 922 517; x_wconf 74' lang='lat' dir='ltr'>adulescens</span> <span class='ocrx_word' id='word_1_25' title='bbox 944 453 1175 518; x_wconf 88' lang='lat' dir='ltr'>eruditissimus</span> <span class='ocrx_word' id='word_1_26' title='bbox 1198 453 1253 518; x_wconf 90' lang='lat' dir='ltr'>ille</span> <span class='ocrx_word' id='word_1_27' title='bbox 1275 454 1404 537; x_wconf 87' lang='lat' dir='ltr'>quidem</span> 
     </span>
     <span class='ocr_line' id='line_1_4' title="bbox 233 537 1495 622; baseline -0.001 -19"><span class='ocrx_word' id='word_1_28' title='bbox 233 539 348 604; x_wconf 90' lang='lat' dir='ltr'>horum</span> <span class='ocrx_word' id='word_1_29' title='bbox 370 539 527 622; x_wconf 91' lang='lat' dir='ltr'>omnium,</span> <span class='ocrx_word' id='word_1_30' title='bbox 550 539 605 602; x_wconf 93' lang='lat' dir='ltr'>sed</span> <span class='ocrx_word' id='word_1_31' title='bbox 626 559 695 603; x_wconf 90' lang='lat' dir='ltr'>non</span> <span class='ocrx_word' id='word_1_32' title='bbox 717 541 785 602; x_wconf 91' lang='lat' dir='ltr'>tam</span> <span class='ocrx_word' id='word_1_33' title='bbox 806 538 902 602; x_wconf 87' lang='lat' dir='ltr'>armis</span> <span class='ocrx_word' id='word_1_34' title='bbox 922 537 1090 602; x_wconf 87' lang='lat' dir='ltr'>institutus</span> <span class='ocrx_word' id='word_1_35' title='bbox 1116 560 1212 622; x_wconf 92' lang='lat' dir='ltr'>quam</span> <span class='ocrx_word' id='word_1_36' title='bbox 1231 537 1403 620; x_wconf 88' lang='lat' dir='ltr'>palaestra.</span> <span class='ocrx_word' id='word_1_37' title='bbox 1494 599 1495 602; x_wconf 74' lang='grc'>,</span> 
     </span>
     <span class='ocr_line' id='line_1_5' title="bbox 232 621 1403 706; baseline -0.002 -18"><span class='ocrx_word' id='word_1_38' title='bbox 232 624 347 706; x_wconf 89' lang='lat' dir='ltr'>Itaque</span> <span class='ocrx_word' id='word_1_39' title='bbox 370 623 550 687; x_wconf 87' lang='lat' dir='ltr'>delectabat</span> <span class='ocrx_word' id='word_1_40' title='bbox 571 623 673 706; x_wconf 81' lang='lat' dir='ltr'>magis</span> <span class='ocrx_word' id='word_1_41' title='bbox 695 622 910 688; x_wconf 76' lang='lat' dir='ltr'>Athenienses</span> <span class='ocrx_word' id='word_1_42' title='bbox 932 643 1027 704; x_wconf 91' lang='lat' dir='ltr'>quam</span> <span class='ocrx_word' id='word_1_43' title='bbox 1049 621 1281 687; x_wconf 89' lang='lat' dir='ltr'>inflammabat.</span> <span class='ocrx_word' id='word_1_44' title='bbox 1325 623 1403 686; x_wconf 87' lang='lat' dir='ltr'>Pro·</span> 
     </span>
     <span class='ocr_line' id='line_1_6' title="bbox 233 706 1424 790; baseline -0.003 -17"><span class='ocrx_word' id='word_1_45' title='bbox 233 712 374 773; x_wconf 78' lang='lat' dir='ltr'>cesserat</span> <span class='ocrx_word' id='word_1_46' title='bbox 395 709 479 771; x_wconf 89' lang='lat' dir='ltr'>enirn</span> <span class='ocrx_word' id='word_1_47' title='bbox 501 708 537 772; x_wconf 93' lang='lat' dir='ltr'>in</span> <span class='ocrx_word' id='word_1_48' title='bbox 566 707 666 772; x_wconf 89' lang='lat' dir='ltr'>solem</span> <span class='ocrx_word' id='word_1_49' title='bbox 689 713 721 770; x_wconf 89' lang='lat' dir='ltr'>et</span> <span class='ocrx_word' id='word_1_50' title='bbox 741 706 920 790; x_wconf 83' lang='lat' dir='ltr'>pulverem,</span> <span class='ocrx_word' id='word_1_51' title='bbox 948 728 1015 772; x_wconf 88' lang='lat' dir='ltr'>non</span> <span class='ocrx_word' id='word_1_52' title='bbox 1038 711 1074 770; x_wconf 95' lang='lat' dir='ltr'>ut</span> <span class='ocrx_word' id='word_1_53' title='bbox 1096 729 1113 770; x_wconf 92' lang='lat' dir='ltr'>e</span> <span class='ocrx_word' id='word_1_54' title='bbox 1140 706 1273 770; x_wconf 90' lang='lat' dir='ltr'>militari</span> <span class='ocrx_word' id='word_1_55' title='bbox 1294 707 1424 770; x_wconf 87' lang='lat' dir='ltr'>taber-</span> 
     </span>
     <span class='ocr_line' id='line_1_7' title="bbox 232 789 1404 875; baseline -0.003 -18"><span class='ocrx_word' id='word_1_56' title='bbox 232 792 365 875; x_wconf 90' lang='lat' dir='ltr'>naculo,</span> <span class='ocrx_word' id='word_1_57' title='bbox 393 792 449 855; x_wconf 88' lang='lat' dir='ltr'>sed</span> <span class='ocrx_word' id='word_1_58' title='bbox 476 795 513 855; x_wconf 92' lang='lat' dir='ltr'>ut</span> <span class='ocrx_word' id='word_1_59' title='bbox 541 813 557 855; x_wconf 93' lang='lat' dir='ltr'>e</span> <span class='ocrx_word' id='word_1_60' title='bbox 586 790 800 874; x_wconf 81' lang='lat' dir='ltr'>Theophrasti</span> <span class='ocrx_word' id='word_1_61' title='bbox 828 789 1002 854; x_wconf 81' lang='lat' dir='ltr'>doctissimi</span> <span class='ocrx_word' id='word_1_62' title='bbox 1030 791 1170 855; x_wconf 78' lang='lat' dir='ltr'>hominis</span> <span class='ocrx_word' id='word_1_63' title='bbox 1198 791 1404 856; x_wconf 79' lang='lat' dir='ltr'>umbraculis</span> 
     </span>
    </p>

    <p class='ocr_par' dir='ltr' id='par_1_3' title="bbox 183 875 1495 1380">
     <span class='ocr_line' id='line_1_8' title="bbox 183 875 1406 959; baseline 0.001 -22"><span class='ocrx_word' id='word_1_64' title='bbox 183 888 216 937; x_wconf 82' lang='lat'>38</span> <span class='ocrx_word' id='word_1_65' title='bbox 233 877 296 941; x_wconf 90' lang='lat' dir='ltr'>Hic</span> <span class='ocrx_word' id='word_1_66' title='bbox 317 877 440 959; x_wconf 89' lang='lat' dir='ltr'>primus</span> <span class='ocrx_word' id='word_1_67' title='bbox 462 875 587 941; x_wconf 89' lang='lat' dir='ltr'>inflexit</span> <span class='ocrx_word' id='word_1_68' title='bbox 608 877 786 940; x_wconf 87' lang='lat' dir='ltr'>orationem</span> <span class='ocrx_word' id='word_1_69' title='bbox 809 878 842 939; x_wconf 91' lang='lat' dir='ltr'>et</span> <span class='ocrx_word' id='word_1_70' title='bbox 863 896 934 939; x_wconf 88' lang='lat' dir='ltr'>eam</span> <span class='ocrx_word' id='word_1_71' title='bbox 955 875 1086 939; x_wconf 89' lang='lat' dir='ltr'>mollem</span> <span class='ocrx_word' id='word_1_72' title='bbox 1107 878 1313 959; x_wconf 81' lang='lat' dir='ltr'>teneramque</span> <span class='ocrx_word' id='word_1_73' title='bbox 1335 877 1406 940; x_wconf 90' lang='lat' dir='ltr'>red-</span> 
     </span>
     <span class='ocr_line' id='line_1_9' title="bbox 235 959 1407 1044; baseline -0.001 -19"><span class='ocrx_word' id='word_1_74' title='bbox 235 961 317 1025; x_wconf 91' lang='lat' dir='ltr'>didit</span> <span class='ocrx_word' id='word_1_75' title='bbox 338 964 371 1024; x_wconf 91' lang='lat' dir='ltr'>et</span> <span class='ocrx_word' id='word_1_76' title='bbox 392 961 508 1041; x_wconf 85' lang='lat' dir='ltr'>suavis,</span> <span class='ocrx_word' id='word_1_77' title='bbox 531 961 615 1026; x_wconf 88' lang='lat' dir='ltr'>sicut</span> <span class='ocrx_word' id='word_1_78' title='bbox 636 961 709 1042; x_wconf 81' lang='lat' dir='ltr'>fuit,</span> <span class='ocrx_word' id='word_1_79' title='bbox 731 959 833 1024; x_wconf 85' lang='lat' dir='ltr'>videri</span> <span class='ocrx_word' id='word_1_80' title='bbox 847 959 961 1024; x_wconf 91' lang='lat' dir='ltr'>maluit</span> <span class='ocrx_word' id='word_1_81' title='bbox 976 981 1071 1044; x_wconf 89' lang='lat' dir='ltr'>quam</span> <span class='ocrx_word' id='word_1_82' title='bbox 1086 961 1206 1044; x_wconf 84' lang='lat' dir='ltr'>gravis,</span> <span class='ocrx_word' id='word_1_83' title='bbox 1230 961 1286 1024; x_wconf 88' lang='lat' dir='ltr'>sed</span> <span class='ocrx_word' id='word_1_84' title='bbox 1302 961 1407 1025; x_wconf 85' lang='lat' dir='ltr'>suavi·</span> 
     </span>
     <span class='ocr_line' id='line_1_10' title="bbox 234 1043 1495 1130; baseline 0 -21"><span class='ocrx_word' id='word_1_85' title='bbox 234 1050 303 1109; x_wconf 90' lang='lat' dir='ltr'>tate</span> <span class='ocrx_word' id='word_1_86' title='bbox 325 1066 371 1126; x_wconf 88' lang='lat' dir='ltr'>ea,</span> <span class='ocrx_word' id='word_1_87' title='bbox 394 1067 457 1128; x_wconf 90' lang='lat' dir='ltr'>qua</span> <span class='ocrx_word' id='word_1_88' title='bbox 477 1043 685 1128; x_wconf 85' lang='lat' dir='ltr'>perfunderet</span> <span class='ocrx_word' id='word_1_89' title='bbox 706 1045 842 1125; x_wconf 89' lang='lat' dir='ltr'>animos,</span> <span class='ocrx_word' id='word_1_90' title='bbox 864 1065 933 1108; x_wconf 91' lang='lat' dir='ltr'>non</span> <span class='ocrx_word' id='word_1_91' title='bbox 950 1065 1014 1127; x_wconf 87' lang='lat' dir='ltr'>qua</span> <span class='ocrx_word' id='word_1_92' title='bbox 1027 1045 1252 1130; x_wconf 83' lang='lat' dir='ltr'>perfringeret,</span> <span class='ocrx_word' id='word_1_93' title='bbox 1276 1048 1406 1109; x_wconf 91' lang='lat' dir='ltr'>tantum</span> <span class='ocrx_word' id='word_1_94' title='bbox 1494 1089 1495 1125; x_wconf 74' lang='lat'>,</span> 
     </span>
     <span class='ocr_line' id='line_1_11' title="bbox 235 1129 1439 1211; baseline -0.003 -19"><span class='ocrx_word' id='word_1_95' title='bbox 235 1133 273 1193; x_wconf 91' lang='lat' dir='ltr'>ut</span> <span class='ocrx_word' id='word_1_96' title='bbox 295 1129 480 1192; x_wconf 84' lang='lat' dir='ltr'>memoriam</span> <span class='ocrx_word' id='word_1_97' title='bbox 497 1129 725 1194; x_wconf 78' lang='lat' dir='ltr'>concinnitatis</span> <span class='ocrx_word' id='word_1_98' title='bbox 741 1150 825 1210; x_wconf 91' lang='lat' dir='ltr'>suae,</span> <span class='ocrx_word' id='word_1_99' title='bbox 841 1149 919 1206; x_wconf 89' lang='lat' dir='ltr'>non,</span> <span class='ocrx_word' id='word_1_100' title='bbox 942 1129 1210 1211; x_wconf 90' lang='lat' dir='ltr'>quemadmodum</span> <span class='ocrx_word' id='word_1_101' title='bbox 1226 1130 1264 1194; x_wconf 91' lang='lat' dir='ltr'>de</span> <span class='ocrx_word' id='word_1_102' title='bbox 1280 1129 1406 1193; x_wconf 85' lang='lat' dir='ltr'>Pericle</span> <span class='ocrx_word' id='word_1_103' title='bbox 1420 1151 1439 1187; x_wconf 81' lang='lat' dir='ltr'>n</span> 
     </span>
     <span class='ocr_line' id='line_1_12' title="bbox 236 1212 1407 1297; baseline 0.001 -20"><span class='ocrx_word' id='word_1_104' title='bbox 236 1213 364 1296; x_wconf 87' lang='lat' dir='ltr'>scripsit</span> <span class='ocrx_word' id='word_1_105' title='bbox 391 1212 541 1296; x_wconf 77' lang='lat' dir='ltr'>Eupolis,</span> <span class='ocrx_word' id='word_1_106' title='bbox 578 1234 649 1278; x_wconf 92' lang='lat' dir='ltr'>eum</span> <span class='ocrx_word' id='word_1_107' title='bbox 678 1212 891 1278; x_wconf 85' lang='lat' dir='ltr'>delectatione</span> <span class='ocrx_word' id='word_1_108' title='bbox 923 1213 1050 1277; x_wconf 85' lang='lat' dir='ltr'>aculeos</span> <span class='ocrx_word' id='word_1_109' title='bbox 1078 1213 1176 1277; x_wconf 88' lang='lat' dir='ltr'>etiam</span> <span class='ocrx_word' id='word_1_110' title='bbox 1209 1213 1407 1297; x_wconf 89' lang='lat' dir='ltr'>relinqueret</span> 
     </span>
     <span class='ocr_line' id='line_1_13' title="bbox 236 1297 1004 1380; baseline 0.001 -20"><span class='ocrx_word' id='word_1_111' title='bbox 236 1298 271 1360; x_wconf 92' lang='lat' dir='ltr'>in</span> <span class='ocrx_word' id='word_1_112' title='bbox 293 1297 410 1361; x_wconf 91' lang='lat' dir='ltr'>animis</span> <span class='ocrx_word' id='word_1_113' title='bbox 433 1317 559 1376; x_wconf 89' lang='lat' dir='ltr'>eorum,</span> <span class='ocrx_word' id='word_1_114' title='bbox 585 1298 739 1380; x_wconf 89' lang='lat' dir='ltr'>aquibus</span> <span class='ocrx_word' id='word_1_115' title='bbox 762 1301 847 1362; x_wconf 83' lang='lat' dir='ltr'>esset</span> <span class='ocrx_word' id='word_1_116' title='bbox 868 1297 1004 1362; x_wconf 89' lang='lat' dir='ltr'>auditus.</span> 
     </span>
    </p>

    <p class='ocr_par' dir='ltr' id='par_1_4' title="bbox 70 1380 1407 1550">
     <span class='ocr_line' id='line_1_14' title="bbox 134 1380 1407 1466; baseline -0.004 -13"><span class='ocrx_word' id='word_1_117' title='bbox 134 1387 223 1452; x_wconf 84' lang='lat'>1039</span> <span class='ocrx_word' id='word_1_118' title='bbox 321 1380 462 1446; x_wconf 89' lang='lat' dir='ltr'>Videsne</span> <span class='ocrx_word' id='word_1_119' title='bbox 485 1382 595 1466; x_wconf 86' lang='lat' dir='ltr'>igitur,</span> <span class='ocrx_word' id='word_1_120' title='bbox 620 1381 670 1446; x_wconf 90' lang='lat' dir='ltr'>vel</span> <span class='ocrx_word' id='word_1_121' title='bbox 692 1382 726 1446; x_wconf 92' lang='lat' dir='ltr'>in</span> <span class='ocrx_word' id='word_1_122' title='bbox 748 1403 786 1446; x_wconf 90' lang='lat' dir='ltr'>ea</span> <span class='ocrx_word' id='word_1_123' title='bbox 800 1383 871 1464; x_wconf 88' lang='lat' dir='ltr'>ipsa</span> <span class='ocrx_word' id='word_1_124' title='bbox 885 1383 974 1462; x_wconf 88' lang='lat' dir='ltr'>urbe,</span> <span class='ocrx_word' id='word_1_125' title='bbox 998 1381 1034 1446; x_wconf 93' lang='lat' dir='ltr'>in</span> <span class='ocrx_word' id='word_1_126' title='bbox 1056 1403 1120 1464; x_wconf 91' lang='lat' dir='ltr'>qua</span> <span class='ocrx_word' id='word_1_127' title='bbox 1141 1383 1175 1446; x_wconf 87' lang='lat' dir='ltr'>et</span> <span class='ocrx_word' id='word_1_128' title='bbox 1193 1385 1271 1446; x_wconf 90' lang='lat' dir='ltr'>nata</span> <span class='ocrx_word' id='word_1_129' title='bbox 1293 1385 1326 1446; x_wconf 94' lang='lat' dir='ltr'>et</span> <span class='ocrx_word' id='word_1_130' title='bbox 1340 1381 1407 1448; x_wconf 86' lang='lat' dir='ltr'>alta</span> 
     </span>
     <span class='ocr_line' id='line_1_15' title="bbox 70 1465 1407 1550; baseline 0.001 -20"><span class='ocrx_word' id='word_1_131' title='bbox 70 1474 74 1482; x_wconf 86' lang='lat'>&#39;</span> <span class='ocrx_word' id='word_1_132' title='bbox 235 1467 277 1530; x_wconf 92' lang='lat' dir='ltr'>sit</span> <span class='ocrx_word' id='word_1_133' title='bbox 299 1467 493 1549; x_wconf 87' lang='lat' dir='ltr'>eloquentia,</span> <span class='ocrx_word' id='word_1_134' title='bbox 517 1487 612 1549; x_wconf 91' lang='lat' dir='ltr'>quam</span> <span class='ocrx_word' id='word_1_135' title='bbox 636 1486 674 1530; x_wconf 90' lang='lat' dir='ltr'>ea</span> <span class='ocrx_word' id='word_1_136' title='bbox 689 1487 759 1530; x_wconf 89' lang='lat' dir='ltr'>sero</span> <span class='ocrx_word' id='word_1_137' title='bbox 775 1465 929 1549; x_wconf 90' lang='lat' dir='ltr'>prodierit</span> <span class='ocrx_word' id='word_1_138' title='bbox 942 1466 977 1530; x_wconf 91' lang='lat' dir='ltr'>in</span> <span class='ocrx_word' id='word_1_139' title='bbox 993 1465 1121 1530; x_wconf 78' lang='lat' dir='ltr'>lucem?</span> <span class='ocrx_word' id='word_1_140' title='bbox 1143 1467 1169 1530; x_wconf 91' lang='lat' dir='ltr'>si</span> <span class='ocrx_word' id='word_1_141' title='bbox 1186 1466 1315 1550; x_wconf 91' lang='lat' dir='ltr'>quidem</span> <span class='ocrx_word' id='word_1_142' title='bbox 1330 1472 1407 1532; x_wconf 88' lang='lat' dir='ltr'>ante</span> 
     </span>
    </p>
   </div>
   <div class='ocr_carea' id='block_1_3' title="bbox 228 1632 1440 4323">
    <p class='ocr_par' dir='ltr' id='par_1_5' title="bbox 228 1632 1440 4323">
     <span class='ocr_line' id='line_1_16' title="bbox 234 1632 1408 1701; baseline 0 -15"><span class='ocrx_word' id='word_1_143' title='bbox 234 1632 504 1688; x_wconf 87' lang='lat' dir='ltr'>Demosthenischen</span> <span class='ocrx_word' id='word_1_144' title='bbox 543 1633 691 1688; x_wconf 83' lang='lat' dir='ltr'>Zeitalters</span> <span class='ocrx_word' id='word_1_145' title='bbox 734 1633 793 1686; x_wconf 86' lang='lat' dir='ltr'>und</span> <span class='ocrx_word' id='word_1_146' title='bbox 845 1632 921 1687; x_wconf 91' lang='lat' dir='ltr'>tione</span> <span class='ocrx_word' id='word_1_147' title='bbox 949 1634 978 1686; x_wconf 91' lang='lat' dir='ltr'>et</span> <span class='ocrx_word' id='word_1_148' title='bbox 1003 1633 1084 1701; x_wconf 88' lang='lat' dir='ltr'>quasi</span> <span class='ocrx_word' id='word_1_149' title='bbox 1111 1632 1254 1701; x_wconf 86' lang='lat' dir='ltr'>voluptate</span> <span class='ocrx_word' id='word_1_150' title='bbox 1283 1633 1408 1700; x_wconf 90' lang='lat' dir='ltr'>quadam</span> 
     </span>
     <span class='ocr_line' id='line_1_17' title="bbox 234 1699 1406 1770; baseline 0 -16"><span class='ocrx_word' id='word_1_151' title='bbox 234 1700 423 1756; x_wconf 78' lang='lat' dir='ltr'>iiberdauerte</span> <span class='ocrx_word' id='word_1_152' title='bbox 441 1702 529 1756; x_wconf 84' lang='lat' dir='ltr'>dieses</span> <span class='ocrx_word' id='word_1_153' title='bbox 547 1701 633 1758; x_wconf 82' lang='lat' dir='ltr'>nicht,</span> <span class='ocrx_word' id='word_1_154' title='bbox 840 1699 1037 1768; x_wconf 79' lang='lat' dir='ltr'>persuude&#39;tur,</span> <span class='ocrx_word' id='word_1_155' title='bbox 1048 1717 1119 1768; x_wconf 83' lang='lat' dir='ltr'>ganz</span> <span class='ocrx_word' id='word_1_156' title='bbox 1129 1701 1183 1753; x_wconf 88' lang='lat' dir='ltr'>wie</span> <span class='ocrx_word' id='word_1_157' title='bbox 1193 1701 1265 1759; x_wconf 89' lang='lat' dir='ltr'>Plat.</span> <span class='ocrx_word' id='word_1_158' title='bbox 1276 1701 1406 1770; x_wconf 80' lang='lat' dir='ltr'>Sympos.</span> 
     </span>
     <span class='ocr_line' id='line_1_18' title="bbox 268 1762 1440 1849; baseline 0.002 -28"><span class='ocrx_word' id='word_1_159' title='bbox 268 1775 292 1822; x_wconf 90' lang='lat'>1.</span> <span class='ocrx_word' id='word_1_160' title='bbox 325 1768 357 1821; x_wconf 87' lang='lat' dir='ltr'>e&#39;u</span> <span class='ocrx_word' id='word_1_161' title='bbox 380 1785 436 1836; x_wconf 82' lang='lat' dir='ltr'>quu</span> <span class='ocrx_word' id='word_1_162' title='bbox 458 1771 511 1825; x_wconf 92' lang='lat' dir='ltr'>ete.</span> <span class='ocrx_word' id='word_1_163' title='bbox 541 1768 652 1823; x_wconf 70' lang='lat' dir='ltr'>enthalt</span> <span class='ocrx_word' id='word_1_164' title='bbox 674 1766 720 1821; x_wconf 89' lang='lat' dir='ltr'>die</span> <span class='ocrx_word' id='word_1_165' title='bbox 744 1767 794 1821; x_wconf 91' lang='lat' dir='ltr'>be·</span> <span class='ocrx_word' id='word_1_166' title='bbox 845 1784 880 1849; x_wconf 57' lang='lat' dir='ltr'>p,</span> <span class='ocrx_word' id='word_1_167' title='bbox 897 1772 946 1821; x_wconf 82' lang='lat'>206</span> <span class='ocrx_word' id='word_1_168' title='bbox 964 1762 1112 1848; x_wconf 40' lang='lat' dir='ltr'>D3lleniv</span> <span class='ocrx_word' id='word_1_169' title='bbox 1139 1787 1170 1822; x_wconf 85' lang='grc' dir='ltr'>τε</span> <span class='ocrx_word' id='word_1_170' title='bbox 1198 1770 1329 1838; x_wconf 75' lang='grc' dir='ltr'>γίγνεται</span> <span class='ocrx_word' id='word_1_171' title='bbox 1358 1769 1408 1824; x_wconf 85' lang='lat' dir='ltr'>uel</span> <span class='ocrx_word' id='word_1_172' title='bbox 1437 1777 1440 1782; x_wconf 85' lang='grc'><em>“</em></span> 
     </span>
     <span class='ocr_line' id='line_1_19' title="bbox 234 1835 1345 1905; baseline 0.003 -17"><span class='ocrx_word' id='word_1_173' title='bbox 234 1835 573 1904; x_wconf 76' lang='lat' dir='ltr'>griindendehlrklarung</span> <span class='ocrx_word' id='word_1_174' title='bbox 591 1851 646 1889; x_wconf 86' lang='lat' dir='ltr'>von</span> <span class='ocrx_word' id='word_1_175' title='bbox 665 1852 747 1888; x_wconf 85' lang='lat' dir='ltr'>sucus</span> <span class='ocrx_word' id='word_1_176' title='bbox 765 1836 795 1889; x_wconf 92' lang='lat' dir='ltr'>et</span> <span class='ocrx_word' id='word_1_177' title='bbox 847 1853 1133 1903; x_wconf 77' lang='grc' dir='ltr'><strong><em>ευφραινομενον</em></strong></span> <span class='ocrx_word' id='word_1_178' title='bbox 1153 1837 1345 1905; x_wconf 81' lang='grc' dir='ltr'>διαχεῖται.</span> 
     </span>
     <span class='ocr_line' id='line_1_20' title="bbox 234 1902 1408 1972; baseline 0 -15"><span class='ocrx_word' id='word_1_179' title='bbox 234 1903 355 1970; x_wconf 81' lang='lat' dir='ltr'>sanguis.</span> <span class='ocrx_word' id='word_1_180' title='bbox 874 1903 1063 1972; x_wconf 76' lang='lat' dir='ltr'>perfriuqeret</span> <span class='ocrx_word' id='word_1_181' title='bbox 1095 1902 1140 1956; x_wconf 85' lang='lat' dir='ltr'>Or.</span> <span class='ocrx_word' id='word_1_182' title='bbox 1169 1909 1200 1957; x_wconf 79' lang='lat'>97</span> <span class='ocrx_word' id='word_1_183' title='bbox 1231 1903 1321 1959; x_wconf 83' lang='lat' dir='ltr'>Huius</span> <span class='ocrx_word' id='word_1_184' title='bbox 1352 1904 1408 1958; x_wconf 89' lang='lat' dir='ltr'>elo·</span> 
     </span>
     <span class='ocr_line' id='line_1_21' title="bbox 267 1969 1409 2040; baseline -0.001 -16"><span class='ocrx_word' id='word_1_185' title='bbox 267 1971 320 2024; x_wconf 90' lang='lat' dir='ltr'>Mit</span> <span class='ocrx_word' id='word_1_186' title='bbox 337 1971 497 2026; x_wconf 83' lang='lat' dir='ltr'>Demetrius</span> <span class='ocrx_word' id='word_1_187' title='bbox 515 1986 571 2025; x_wconf 89' lang='lat' dir='ltr'>von</span> <span class='ocrx_word' id='word_1_188' title='bbox 589 1970 722 2024; x_wconf 81' lang='lat' dir='ltr'>Phaleron</span> <span class='ocrx_word' id='word_1_189' title='bbox 744 1970 793 2023; x_wconf 91' lang='lat' dir='ltr'>be·</span> <span class='ocrx_word' id='word_1_190' title='bbox 847 1969 979 2036; x_wconf 87' lang='lat' dir='ltr'>quentiae</span> <span class='ocrx_word' id='word_1_191' title='bbox 997 1970 1041 2024; x_wconf 84' lang='lat' dir='ltr'>eat</span> <span class='ocrx_word' id='word_1_192' title='bbox 1051 1972 1174 2024; x_wconf 89' lang='lat' dir='ltr'>tractare</span> <span class='ocrx_word' id='word_1_193' title='bbox 1188 1972 1305 2040; x_wconf 86' lang='lat' dir='ltr'>animos,</span> <span class='ocrx_word' id='word_1_194' title='bbox 1325 1971 1409 2026; x_wconf 84' lang='lat' dir='ltr'>huius</span> 
     </span>
     <span class='ocr_line' id='line_1_22' title="bbox 254 2036 1409 2106; baseline 0.001 -15"><span class='ocrx_word' id='word_1_195' title='bbox 254 2039 315 2092; x_wconf 90' lang='lat' dir='ltr'>innt</span> <span class='ocrx_word' id='word_1_196' title='bbox 341 2043 368 2106; x_wconf 90' lang='grc'>4)</span> <span class='ocrx_word' id='word_1_197' title='bbox 393 2041 448 2094; x_wconf 90' lang='lat' dir='ltr'>die</span> <span class='ocrx_word' id='word_1_198' title='bbox 471 2039 547 2093; x_wconf 87' lang='lat' dir='ltr'>Zeit</span> <span class='ocrx_word' id='word_1_199' title='bbox 569 2039 628 2092; x_wconf 82' lang='lat' dir='ltr'>des</span> <span class='ocrx_word' id='word_1_200' title='bbox 652 2036 797 2092; x_wconf 77' lang='lat' dir='ltr'>allmth·</span> <span class='ocrx_word' id='word_1_201' title='bbox 848 2036 923 2089; x_wconf 91' lang='lat' dir='ltr'>omni</span> <span class='ocrx_word' id='word_1_202' title='bbox 940 2037 1024 2091; x_wconf 93' lang='lat' dir='ltr'>modo</span> <span class='ocrx_word' id='word_1_203' title='bbox 1042 2053 1216 2105; x_wconf 88' lang='lat' dir='ltr'>permovere,</span> <span class='ocrx_word' id='word_1_204' title='bbox 1234 2038 1305 2093; x_wconf 90' lang='lat' dir='ltr'>haec</span> <span class='ocrx_word' id='word_1_205' title='bbox 1323 2039 1409 2094; x_wconf 90' lang='lat' dir='ltr'>modo</span> 
     </span>
     <span class='ocr_line' id='line_1_23' title="bbox 233 2055 1409 2174; baseline 0.001 -16"><span class='ocrx_word' id='word_1_206' title='bbox 233 2055 349 2160; x_wconf 68' lang='lat' dir='ltr'>lichen</span> <span class='ocrx_word' id='word_1_207' title='bbox 379 2108 526 2161; x_wconf 86' lang='lat' dir='ltr'>Sinkens</span> <span class='ocrx_word' id='word_1_208' title='bbox 555 2105 614 2159; x_wconf 88' lang='lat' dir='ltr'>und</span> <span class='ocrx_word' id='word_1_209' title='bbox 639 2103 796 2159; x_wconf 83' lang='lat' dir='ltr'>Verfalls</span> <span class='ocrx_word' id='word_1_210' title='bbox 842 2104 1011 2174; x_wconf 76' lang='lat' dir='ltr'>perfriupe&#39;t,</span> <span class='ocrx_word' id='word_1_211' title='bbox 1033 2106 1117 2159; x_wconf 93' lang='lat' dir='ltr'>modo</span> <span class='ocrx_word' id='word_1_212' title='bbox 1135 2105 1235 2174; x_wconf 88' lang='lat' dir='ltr'>irrepit</span> <span class='ocrx_word' id='word_1_213' title='bbox 1256 2106 1286 2160; x_wconf 90' lang='lat' dir='ltr'>in</span> <span class='ocrx_word' id='word_1_214' title='bbox 1304 2123 1409 2172; x_wconf 86' lang='lat' dir='ltr'>sensus,</span> 
     </span>
     <span class='ocr_line' id='line_1_24' title="bbox 234 2171 1408 2241; baseline 0.001 -14"><span class='ocrx_word' id='word_1_215' title='bbox 234 2173 285 2227; x_wconf 91' lang='lat' dir='ltr'>der</span> <span class='ocrx_word' id='word_1_216' title='bbox 294 2175 486 2229; x_wconf 87' lang='lat' dir='ltr'>oratorischen</span> <span class='ocrx_word' id='word_1_217' title='bbox 496 2174 584 2228; x_wconf 83' lang='lat' dir='ltr'>Proca</span> <span class='ocrx_word' id='word_1_218' title='bbox 595 2172 645 2226; x_wconf 88' lang='lat' dir='ltr'>der</span> <span class='ocrx_word' id='word_1_219' title='bbox 656 2171 796 2226; x_wconf 86' lang='lat' dir='ltr'>Griechen</span> <span class='ocrx_word' id='word_1_220' title='bbox 846 2172 947 2225; x_wconf 87' lang='lat' dir='ltr'>inserit</span> <span class='ocrx_word' id='word_1_221' title='bbox 964 2189 1051 2226; x_wconf 83' lang='lat' dir='ltr'>noras</span> <span class='ocrx_word' id='word_1_222' title='bbox 1069 2171 1227 2241; x_wconf 85' lang='lat' dir='ltr'>opiniones,</span> <span class='ocrx_word' id='word_1_223' title='bbox 1251 2173 1350 2228; x_wconf 88' lang='lat' dir='ltr'>evellit</span> <span class='ocrx_word' id='word_1_224' title='bbox 1367 2176 1408 2228; x_wconf 88' lang='lat' dir='ltr'>in-</span> 
     </span>
     <span class='ocr_line' id='line_1_25' title="bbox 234 2238 1408 2310; baseline 0.002 -15"><span class='ocrx_word' id='word_1_225' title='bbox 234 2247 267 2295; x_wconf 82' lang='grc'>37</span> <span class='ocrx_word' id='word_1_226' title='bbox 285 2241 343 2294; x_wconf 92' lang='lat' dir='ltr'>und</span> <span class='ocrx_word' id='word_1_227' title='bbox 360 2249 402 2296; x_wconf 84' lang='grc'>38.</span> <span class='ocrx_word' id='word_1_228' title='bbox 847 2239 924 2293; x_wconf 86' lang='lat' dir='ltr'>sitas.</span> <span class='ocrx_word' id='word_1_229' title='bbox 953 2238 1113 2293; x_wconf 88' lang='lat' dir='ltr'>Demetrius</span> <span class='ocrx_word' id='word_1_230' title='bbox 1126 2239 1255 2310; x_wconf 76' lang='lat' dir='ltr'>dagegen</span> <span class='ocrx_word' id='word_1_231' title='bbox 1268 2243 1408 2297; x_wconf 86' lang='lat' dir='ltr'>erstrebte</span> 
     </span>
     <span class='ocr_line' id='line_1_26' title="bbox 268 2305 1408 2378; baseline 0.002 -16"><span class='ocrx_word' id='word_1_232' title='bbox 268 2315 292 2364; x_wconf 83' lang='lat'>3.</span> <span class='ocrx_word' id='word_1_233' title='bbox 308 2310 452 2376; x_wconf 81' lang='lat' dir='ltr'>palaestro</span> <span class='ocrx_word' id='word_1_234' title='bbox 470 2309 515 2362; x_wconf 90' lang='lat' dir='ltr'>ein</span> <span class='ocrx_word' id='word_1_235' title='bbox 531 2305 796 2374; x_wconf 76' lang='lat' dir='ltr'>ahnlicherllegen-</span> <span class='ocrx_word' id='word_1_236' title='bbox 847 2323 901 2360; x_wconf 91' lang='lat' dir='ltr'>nur</span> <span class='ocrx_word' id='word_1_237' title='bbox 928 2306 990 2361; x_wconf 89' lang='lat' dir='ltr'>eine</span> <span class='ocrx_word' id='word_1_238' title='bbox 1017 2306 1125 2361; x_wconf 82' lang='lat' dir='ltr'>echnell</span> <span class='ocrx_word' id='word_1_239' title='bbox 1145 2309 1408 2378; x_wconf 69' lang='lat' dir='ltr'>vortibergehenda</span> 
     </span>
     <span class='ocr_line' id='line_1_27' title="bbox 234 2372 1409 2445; baseline 0.005 -18"><span class='ocrx_word' id='word_1_240' title='bbox 234 2376 294 2429; x_wconf 84' lang='lat' dir='ltr'>sate</span> <span class='ocrx_word' id='word_1_241' title='bbox 312 2376 366 2430; x_wconf 87' lang='lat' dir='ltr'>wie</span> <span class='ocrx_word' id='word_1_242' title='bbox 410 2392 495 2445; x_wconf 91' lang='lat' dir='ltr'>ompa</span> <span class='ocrx_word' id='word_1_243' title='bbox 519 2374 667 2428; x_wconf 84' lang='lat' dir='ltr'>undecies</span> <span class='ocrx_word' id='word_1_244' title='bbox 690 2374 795 2440; x_wconf 88' lang='lat' dir='ltr'>(deor.</span> <span class='ocrx_word' id='word_1_245' title='bbox 847 2372 1409 2444; x_wconf 79' lang='lat' dir='ltr'>wohlthuendeGefdhlserregung,nicht</span> 
     </span>
     <span class='ocr_line' id='line_1_28' title="bbox 233 2395 1409 2520; baseline 0.005 -26"><span class='ocrx_word' id='word_1_246' title='bbox 233 2442 260 2494; x_wconf 89' lang='grc' dir='ltr'>ΙΙ</span> <span class='ocrx_word' id='word_1_247' title='bbox 273 2448 331 2507; x_wconf 83' lang='lat'>94):</span> <span class='ocrx_word' id='word_1_248' title='bbox 350 2395 430 2498; x_wconf 65' lang='lat' dir='ltr'>niella</span> <span class='ocrx_word' id='word_1_249' title='bbox 441 2445 480 2496; x_wconf 90' lang='lat' dir='ltr'>im</span> <span class='ocrx_word' id='word_1_250' title='bbox 492 2441 588 2520; x_wconf 70' lang='lat' dir='ltr'>Eelde,</span> <span class='ocrx_word' id='word_1_251' title='bbox 607 2439 728 2494; x_wconf 88' lang='lat' dir='ltr'>sondern</span> <span class='ocrx_word' id='word_1_252' title='bbox 746 2441 796 2494; x_wconf 88' lang='lat' dir='ltr'>auf</span> <span class='ocrx_word' id='word_1_253' title='bbox 846 2441 908 2495; x_wconf 88' lang='lat' dir='ltr'>eine</span> <span class='ocrx_word' id='word_1_254' title='bbox 921 2441 1102 2510; x_wconf 82' lang='lat' dir='ltr'>nachhaltige</span> <span class='ocrx_word' id='word_1_255' title='bbox 1121 2441 1346 2514; x_wconf 79' lang='lat' dir='ltr'>Ersehfitterung</span> <span class='ocrx_word' id='word_1_256' title='bbox 1359 2445 1409 2500; x_wconf 87' lang='lat' dir='ltr'>der</span> 
     </span>
     <span class='ocr_line' id='line_1_29' title="bbox 234 2507 989 2579; baseline 0.008 -18"><span class='ocrx_word' id='word_1_257' title='bbox 234 2510 285 2562; x_wconf 90' lang='lat' dir='ltr'>der</span> <span class='ocrx_word' id='word_1_258' title='bbox 307 2509 416 2564; x_wconf 85' lang='lat' dir='ltr'>Parada</span> <span class='ocrx_word' id='word_1_259' title='bbox 439 2510 574 2579; x_wconf 84' lang='lat' dir='ltr'>gebrldet.</span> <span class='ocrx_word' id='word_1_260' title='bbox 610 2508 645 2562; x_wconf 87' lang='lat' dir='ltr'>de</span> <span class='ocrx_word' id='word_1_261' title='bbox 669 2524 707 2565; x_wconf 88' lang='lat' dir='ltr'>or.</span> <span class='ocrx_word' id='word_1_262' title='bbox 730 2507 793 2561; x_wconf 86' lang='lat'>181</span> <span class='ocrx_word' id='word_1_263' title='bbox 847 2508 989 2566; x_wconf 81' lang='lat' dir='ltr'>(lemiiter.</span> 
     </span>
     <span class='ocr_line' id='line_1_30' title="bbox 233 2575 1407 2644; baseline 0.005 -16"><span class='ocrx_word' id='word_1_264' title='bbox 233 2575 355 2629; x_wconf 88' lang='lat' dir='ltr'>nitidum</span> <span class='ocrx_word' id='word_1_265' title='bbox 402 2577 523 2630; x_wconf 88' lang='lat' dir='ltr'>uoddam</span> <span class='ocrx_word' id='word_1_266' title='bbox 550 2591 639 2644; x_wconf 84' lang='lat' dir='ltr'>genus</span> <span class='ocrx_word' id='word_1_267' title='bbox 666 2576 708 2630; x_wconf 88' lang='lat' dir='ltr'>est</span> <span class='ocrx_word' id='word_1_268' title='bbox 734 2591 794 2629; x_wconf 89' lang='lat' dir='ltr'>ver·</span> <span class='ocrx_word' id='word_1_269' title='bbox 879 2581 989 2630; x_wconf 86' lang='lat' dir='ltr'>tautum</span> <span class='ocrx_word' id='word_1_270' title='bbox 1011 2581 1044 2632; x_wconf 85' lang='lat' dir='ltr'>ut</span> <span class='ocrx_word' id='word_1_271' title='bbox 1066 2576 1152 2632; x_wconf 81' lang='lat' dir='ltr'>dfters</span> <span class='ocrx_word' id='word_1_272' title='bbox 1173 2577 1203 2631; x_wconf 91' lang='lat' dir='ltr'>in</span> <span class='ocrx_word' id='word_1_273' title='bbox 1224 2578 1276 2632; x_wconf 88' lang='lat' dir='ltr'>der</span> <span class='ocrx_word' id='word_1_274' title='bbox 1298 2579 1407 2634; x_wconf 88' lang='lat' dir='ltr'>Beden-</span> 
     </span>
     <span class='ocr_line' id='line_1_31' title="bbox 234 2595 1406 2722; baseline 0.004 -26"><span class='ocrx_word' id='word_1_275' title='bbox 234 2643 335 2720; x_wconf 79' lang='lat' dir='ltr'>borum</span> <span class='ocrx_word' id='word_1_276' title='bbox 347 2595 501 2721; x_wconf 62' lang='lat' dir='ltr'>etdaetm,</span> <span class='ocrx_word' id='word_1_277' title='bbox 520 2647 552 2722; x_wconf 80' lang='lat' dir='ltr'>et</span> <span class='ocrx_word' id='word_1_278' title='bbox 562 2643 719 2721; x_wconf 66' lang='lat' dir='ltr'>palaestrae</span> <span class='ocrx_word' id='word_1_279' title='bbox 735 2658 795 2696; x_wconf 90' lang='lat' dir='ltr'>ma·</span> <span class='ocrx_word' id='word_1_280' title='bbox 846 2644 897 2697; x_wconf 91' lang='lat' dir='ltr'>tun</span> <span class='ocrx_word' id='word_1_281' title='bbox 934 2660 988 2697; x_wconf 89' lang='lat' dir='ltr'>von</span> <span class='ocrx_word' id='word_1_282' title='bbox 1001 2644 1171 2722; x_wconf 75' lang='lat' dir='ltr'>dummodo,</span> <span class='ocrx_word' id='word_1_283' title='bbox 1193 2646 1247 2700; x_wconf 89' lang='lat' dir='ltr'>wie</span> <span class='ocrx_word' id='word_1_284' title='bbox 1265 2664 1294 2715; x_wconf 88' lang='lat' dir='ltr'>p.</span> <span class='ocrx_word' id='word_1_285' title='bbox 1313 2647 1406 2702; x_wconf 80' lang='lat' dir='ltr'>Flacc.</span> 
     </span>
     <span class='ocr_line' id='line_1_32' title="bbox 234 2660 1408 2846; baseline 0.003 -14"><span class='ocrx_word' id='word_1_286' title='bbox 234 2710 795 2846; x_wconf 67' lang='lat' dir='ltr'>t⁵ttr¹⁶ertttttt⁵ttt⁸tttt</span> <span class='ocrx_word' id='word_1_287' title='bbox 846 2716 879 2830; x_wconf 73' lang='lat' dir='ltr'>li</span> <span class='ocrx_word' id='word_1_288' title='bbox 894 2660 1144 2834; x_wconf 64' lang='lat' dir='ltr'>lucretur</span> <span class='ocrx_word' id='word_1_289' title='bbox 1170 2728 1268 2782; x_wconf 52' lang='lat' dir='ltr'>‘&#39;gam’</span> <span class='ocrx_word' id='word_1_290' title='bbox 1296 2716 1408 2769; x_wconf 55' lang='lat' dir='ltr'>‘mum</span> 
     </span>
     <span class='ocr_line' id='line_1_33' title="bbox 234 2845 1408 2912; baseline 0.004 -14"><span class='ocrx_word' id='word_1_291' title='bbox 234 2845 277 2898; x_wconf 86' lang='lat' dir='ltr'>nis</span> <span class='ocrx_word' id='word_1_292' title='bbox 289 2861 378 2912; x_wconf 85' lang='lat' dir='ltr'>genus</span> <span class='ocrx_word' id='word_1_293' title='bbox 396 2849 425 2901; x_wconf 91' lang='lat' dir='ltr'>et</span> <span class='ocrx_word' id='word_1_294' title='bbox 438 2846 561 2901; x_wconf 91' lang='lat' dir='ltr'>solutum</span> <span class='ocrx_word' id='word_1_295' title='bbox 573 2847 602 2900; x_wconf 91' lang='lat' dir='ltr'>et</span> <span class='ocrx_word' id='word_1_296' title='bbox 613 2846 713 2912; x_wconf 86' lang='lat' dir='ltr'>fluens,</span> <span class='ocrx_word' id='word_1_297' title='bbox 730 2861 794 2900; x_wconf 86' lang='lat' dir='ltr'>sen·</span> <span class='ocrx_word' id='word_1_298' title='bbox 882 2852 922 2901; x_wconf 85' lang='lat'>10.</span> <span class='ocrx_word' id='word_1_299' title='bbox 940 2847 1099 2901; x_wconf 79' lang='lat' dir='ltr'>memoriam</span> <span class='ocrx_word' id='word_1_300' title='bbox 1116 2847 1178 2900; x_wconf 82' lang='lat' dir='ltr'>dass</span> <span class='ocrx_word' id='word_1_301' title='bbox 1196 2863 1262 2900; x_wconf 89' lang='lat' dir='ltr'>man</span> <span class='ocrx_word' id='word_1_302' title='bbox 1280 2848 1408 2905; x_wconf 87' lang='lat' dir='ltr'>hernach</span> 
     </span>
     <span class='ocr_line' id='line_1_34' title="bbox 233 2911 1409 2991; baseline 0.004 -26"><span class='ocrx_word' id='word_1_303' title='bbox 233 2911 332 2966; x_wconf 86' lang='lat' dir='ltr'>tentiis</span> <span class='ocrx_word' id='word_1_304' title='bbox 351 2916 496 2991; x_wconf 84' lang='lat' dir='ltr'>argutum,</span> <span class='ocrx_word' id='word_1_305' title='bbox 520 2913 615 2968; x_wconf 86' lang='lat' dir='ltr'>verbis</span> <span class='ocrx_word' id='word_1_306' title='bbox 633 2929 733 2968; x_wconf 88' lang='lat' dir='ltr'>sonans</span> <span class='ocrx_word' id='word_1_307' title='bbox 752 2912 795 2966; x_wconf 85' lang='lat' dir='ltr'>est</span> <span class='ocrx_word' id='word_1_308' title='bbox 845 2913 917 2966; x_wconf 91' lang='lat' dir='ltr'>noch</span> <span class='ocrx_word' id='word_1_309' title='bbox 936 2913 1020 2982; x_wconf 84' lang='lat' dir='ltr'>lange</span> <span class='ocrx_word' id='word_1_310' title='bbox 1039 2932 1094 2968; x_wconf 91' lang='lat' dir='ltr'>von</span> <span class='ocrx_word' id='word_1_311' title='bbox 1117 2914 1194 2968; x_wconf 72' lang='lat' dir='ltr'>‘dem</span> <span class='ocrx_word' id='word_1_312' title='bbox 1216 2915 1409 2972; x_wconf 74' lang='lat' dir='ltr'>asthetischen</span> 
     </span>
     <span class='ocr_line' id='line_1_35' title="bbox 233 2979 1409 3052; baseline 0.006 -20"><span class='ocrx_word' id='word_1_313' title='bbox 233 2980 263 3032; x_wconf 88' lang='lat' dir='ltr'>in</span> <span class='ocrx_word' id='word_1_314' title='bbox 280 2980 330 3034; x_wconf 89' lang='lat' dir='ltr'>illo</span> <span class='ocrx_word' id='word_1_315' title='bbox 349 2981 499 3048; x_wconf 79' lang='lat' dir='ltr'>epidictico</span> <span class='ocrx_word' id='word_1_316' title='bbox 511 2995 794 3050; x_wconf 82' lang='lat' dir='ltr'>genere-pompae</span> <span class='ocrx_word' id='word_1_317' title='bbox 847 2979 967 3034; x_wconf 83' lang='lat' dir='ltr'>Genuss’</span> <span class='ocrx_word' id='word_1_318' title='bbox 992 2981 1108 3048; x_wconf 87' lang='lat' dir='ltr'>sprach,</span> <span class='ocrx_word' id='word_1_319' title='bbox 1136 2981 1191 3036; x_wconf 88' lang='lat' dir='ltr'>den</span> <span class='ocrx_word' id='word_1_320' title='bbox 1213 2999 1280 3036; x_wconf 86' lang='lat' dir='ltr'>man</span> <span class='ocrx_word' id='word_1_321' title='bbox 1297 2985 1409 3052; x_wconf 85' lang='lat' dir='ltr'>gehabt</span> 
     </span>
     <span class='ocr_line' id='line_1_36' title="bbox 236 3046 1260 3119; baseline 0.004 -19"><span class='ocrx_word' id='word_1_322' title='bbox 236 3064 322 3113; x_wconf 87' lang='lat' dir='ltr'>quam</span> <span class='ocrx_word' id='word_1_323' title='bbox 340 3065 453 3119; x_wconf 79' lang='lat' dir='ltr'>pugnae</span> <span class='ocrx_word' id='word_1_324' title='bbox 471 3051 573 3117; x_wconf 85' lang='lat' dir='ltr'>aptius,</span> <span class='ocrx_word' id='word_1_325' title='bbox 592 3047 747 3117; x_wconf 81' lang='lat' dir='ltr'>gymnasiis</span> <span class='ocrx_word' id='word_1_326' title='bbox 765 3048 796 3100; x_wconf 87' lang='lat' dir='ltr'>et</span> <span class='ocrx_word' id='word_1_327' title='bbox 846 3046 939 3101; x_wconf 88' lang='lat' dir='ltr'>hatte:</span> <span class='ocrx_word' id='word_1_328' title='bbox 958 3047 1025 3102; x_wconf 83' lang='lat' dir='ltr'>‘das</span> <span class='ocrx_word' id='word_1_329' title='bbox 1043 3065 1102 3102; x_wconf 83' lang='lat' dir='ltr'>war</span> <span class='ocrx_word' id='word_1_330' title='bbox 1119 3049 1260 3104; x_wconf 86' lang='lat' dir='ltr'>brillant&#39;.</span> 
     </span>
     <span class='ocr_line' id='line_1_37' title="bbox 228 3113 1410 3186; baseline 0.004 -18"><span class='ocrx_word' id='word_1_331' title='bbox 228 3116 389 3183; x_wconf 81' lang='lat' dir='ltr'>palaestrae</span> <span class='ocrx_word' id='word_1_332' title='bbox 401 3118 534 3182; x_wconf 88' lang='lat' dir='ltr'>dicatum,</span> <span class='ocrx_word' id='word_1_333' title='bbox 546 3118 674 3184; x_wconf 90' lang='lat' dir='ltr'>spretum</span> <span class='ocrx_word' id='word_1_334' title='bbox 687 3117 716 3168; x_wconf 90' lang='lat' dir='ltr'>et</span> <span class='ocrx_word' id='word_1_335' title='bbox 728 3113 795 3183; x_wconf 90' lang='lat' dir='ltr'>pul·</span> <span class='ocrx_word' id='word_1_336' title='bbox 878 3115 1076 3170; x_wconf 65' lang='lat' dir='ltr'>conducticiis</span> <span class='ocrx_word' id='word_1_337' title='bbox 1098 3132 1134 3169; x_wconf 89' lang='lat' dir='ltr'>an</span> <span class='ocrx_word' id='word_1_338' title='bbox 1161 3118 1238 3172; x_wconf 85' lang='lat' dir='ltr'>seina</span> <span class='ocrx_word' id='word_1_339' title='bbox 1266 3119 1410 3186; x_wconf 80' lang='lat' dir='ltr'>‘Symma-</span> 
     </span>
     <span class='ocr_line' id='line_1_38' title="bbox 234 3181 1410 3254; baseline 0.006 -19"><span class='ocrx_word' id='word_1_340' title='bbox 234 3183 425 3249; x_wconf 80' lang='lat' dir='ltr'>sumsero-</span> <span class='ocrx_word' id='word_1_341' title='bbox 444 3185 550 3238; x_wconf 89' lang='lat' dir='ltr'>Verum</span> <span class='ocrx_word' id='word_1_342' title='bbox 572 3183 643 3236; x_wconf 91' lang='lat' dir='ltr'>haec</span> <span class='ocrx_word' id='word_1_343' title='bbox 663 3183 794 3235; x_wconf 90' lang='lat' dir='ltr'>ludorum</span> <span class='ocrx_word' id='word_1_344' title='bbox 845 3182 925 3248; x_wconf 88' lang='lat' dir='ltr'>trie’,</span> <span class='ocrx_word' id='word_1_345' title='bbox 939 3181 1153 3238; x_wconf 80' lang='lat' dir='ltr'>dietrefflichen</span> <span class='ocrx_word' id='word_1_346' title='bbox 1162 3185 1410 3254; x_wconf 84' lang='lat' dir='ltr'>Antithesen,den</span> 
     </span>
     <span class='ocr_line' id='line_1_39' title="bbox 233 3247 1408 3319; baseline 0.005 -15"><span class='ocrx_word' id='word_1_347' title='bbox 233 3253 319 3316; x_wconf 87' lang='lat' dir='ltr'>atque</span> <span class='ocrx_word' id='word_1_348' title='bbox 337 3267 474 3318; x_wconf 89' lang='lat' dir='ltr'>pompae,</span> <span class='ocrx_word' id='word_1_349' title='bbox 496 3267 547 3304; x_wconf 87' lang='lat' dir='ltr'>nos</span> <span class='ocrx_word' id='word_1_350' title='bbox 570 3252 665 3304; x_wconf 88' lang='lat' dir='ltr'>autem</span> <span class='ocrx_word' id='word_1_351' title='bbox 689 3250 745 3303; x_wconf 89' lang='lat' dir='ltr'>iam</span> <span class='ocrx_word' id='word_1_352' title='bbox 766 3248 796 3301; x_wconf 94' lang='lat' dir='ltr'>in</span> <span class='ocrx_word' id='word_1_353' title='bbox 848 3247 1034 3318; x_wconf 78' lang='lat' dir='ltr'>Gleichklang</span> <span class='ocrx_word' id='word_1_354' title='bbox 1057 3251 1108 3304; x_wconf 84' lang='lat' dir='ltr'>der</span> <span class='ocrx_word' id='word_1_355' title='bbox 1130 3251 1242 3319; x_wconf 88' lang='lat' dir='ltr'>Worte,</span> <span class='ocrx_word' id='word_1_356' title='bbox 1266 3252 1323 3306; x_wconf 89' lang='lat' dir='ltr'>den</span> <span class='ocrx_word' id='word_1_357' title='bbox 1345 3255 1408 3310; x_wconf 90' lang='lat' dir='ltr'>har-</span> 
     </span>
     <span class='ocr_line' id='line_1_40' title="bbox 233 3317 1382 3389; baseline 0.007 -20"><span class='ocrx_word' id='word_1_358' title='bbox 233 3318 323 3372; x_wconf 90' lang='lat' dir='ltr'>aciem</span> <span class='ocrx_word' id='word_1_359' title='bbox 341 3317 609 3384; x_wconf 88' lang='lat' dir='ltr'>dimicationemque</span> <span class='ocrx_word' id='word_1_360' title='bbox 626 3317 778 3374; x_wconf 85' lang='lat' dir='ltr'>veniamus.</span> <span class='ocrx_word' id='word_1_361' title='bbox 846 3317 1008 3371; x_wconf 85' lang='lat' dir='ltr'>monischen</span> <span class='ocrx_word' id='word_1_362' title='bbox 1027 3317 1150 3372; x_wconf 84' lang='lat' dir='ltr'>Satahau</span> <span class='ocrx_word' id='word_1_363' title='bbox 1167 3319 1226 3373; x_wconf 90' lang='lat' dir='ltr'>und</span> <span class='ocrx_word' id='word_1_364' title='bbox 1245 3320 1302 3389; x_wconf 84' lang='lat' dir='ltr'>dgl.</span> <span class='ocrx_word' id='word_1_365' title='bbox 1321 3328 1382 3378; x_wconf 79' lang='lat'><strong>272.</strong></span> 
     </span>
     <span class='ocr_line' id='line_1_41' title="bbox 267 3385 1409 3444; baseline 0.005 -6"><span class='ocrx_word' id='word_1_366' title='bbox 267 3391 291 3442; x_wconf 81' lang='lat'>5.</span> <span class='ocrx_word' id='word_1_367' title='bbox 313 3385 395 3438; x_wconf 85' lang='lat' dir='ltr'>solem</span> <span class='ocrx_word' id='word_1_368' title='bbox 412 3391 471 3440; x_wconf 80' lang='lat'>243.</span> <span class='ocrx_word' id='word_1_369' title='bbox 882 3390 922 3438; x_wconf 84' lang='lat'>11.</span> <span class='ocrx_word' id='word_1_370' title='bbox 945 3385 1053 3439; x_wconf 81' lang='lat' dir='ltr'>aculeos</span> <span class='ocrx_word' id='word_1_371' title='bbox 1075 3385 1147 3443; x_wconf 90' lang='lat' dir='ltr'>Plat.</span> <span class='ocrx_word' id='word_1_372' title='bbox 1165 3386 1271 3442; x_wconf 89' lang='lat' dir='ltr'>Phaed.</span> <span class='ocrx_word' id='word_1_373' title='bbox 1311 3396 1365 3443; x_wconf 84' lang='grc'>,91</span> <span class='ocrx_word' id='word_1_374' title='bbox 1381 3390 1409 3444; x_wconf 83' lang='lat' dir='ltr'>C.</span> 
     </span>
     <span class='ocr_line' id='line_1_42' title="bbox 267 3404 1409 3528; baseline 0.006 -24"><span class='ocrx_word' id='word_1_375' title='bbox 267 3458 291 3504; x_wconf 84' lang='grc'>6.</span> <span class='ocrx_word' id='word_1_376' title='bbox 313 3453 482 3506; x_wconf 77' lang='lat' dir='ltr'>umbraculis</span> <span class='ocrx_word' id='word_1_377' title='bbox 499 3458 540 3507; x_wconf 75' lang='lat'>32.</span> <span class='ocrx_word' id='word_1_378' title='bbox 660 3519 666 3528; x_wconf 32' lang='grc' dir='ltr'>ι</span> <span class='ocrx_word' id='word_1_379' title='bbox 846 3449 940 3521; x_wconf 72' lang='grc' dir='ltr'><strong><em>ὥσπερ</em></strong></span> <span class='ocrx_word' id='word_1_380' title='bbox 958 3453 1077 3522; x_wconf 77' lang='grc' dir='ltr'>μέλιττα</span> <span class='ocrx_word' id='word_1_381' title='bbox 1097 3451 1127 3508; x_wconf 80' lang='grc' dir='ltr'>τὰ</span> <span class='ocrx_word' id='word_1_382' title='bbox 1146 3451 1266 3524; x_wconf 76' lang='grc' dir='ltr'><strong><em>κέντρον</em></strong></span> <span class='ocrx_word' id='word_1_383' title='bbox 1285 3404 1409 3526; x_wconf 46' lang='grc' dir='ltr'>ἕξιππα-</span> 
     </span>
     <span class='ocr_line' id='line_1_43' title="bbox 268 3518 944 3586; baseline 0.001 -14"><span class='ocrx_word' id='word_1_384' title='bbox 268 3524 293 3572; x_wconf 80' lang='lat'>⁷.</span> <span class='ocrx_word' id='word_1_385' title='bbox 322 3519 432 3585; x_wconf 72' lang='lat' dir='ltr'>iufleue&#39;t</span> <span class='ocrx_word' id='word_1_386' title='bbox 455 3519 493 3573; x_wconf 83' lang='lat' dir='ltr'>Er</span> <span class='ocrx_word' id='word_1_387' title='bbox 514 3518 614 3586; x_wconf 88' lang='lat' dir='ltr'>schlng</span> <span class='ocrx_word' id='word_1_388' title='bbox 642 3533 724 3573; x_wconf 86' lang='lat' dir='ltr'>emen</span> <span class='ocrx_word' id='word_1_389' title='bbox 746 3535 794 3572; x_wconf 89' lang='lat' dir='ltr'>an-</span> <span class='ocrx_word' id='word_1_390' title='bbox 847 3518 944 3575; x_wconf 76' lang='grc' dir='ltr'>λιπιόν.</span> 
     </span>
     <span class='ocr_line' id='line_1_44' title="bbox 235 3585 1409 3659; baseline 0.008 -22"><span class='ocrx_word' id='word_1_391' title='bbox 235 3585 330 3650; x_wconf 90' lang='lat' dir='ltr'>deren,</span> <span class='ocrx_word' id='word_1_392' title='bbox 347 3601 402 3640; x_wconf 87' lang='lat' dir='ltr'>von</span> <span class='ocrx_word' id='word_1_393' title='bbox 421 3586 470 3640; x_wconf 92' lang='lat' dir='ltr'>der</span> <span class='ocrx_word' id='word_1_394' title='bbox 488 3586 793 3655; x_wconf 82' lang='lat' dir='ltr'>bisherigenfriechen,</span> <span class='ocrx_word' id='word_1_395' title='bbox 879 3587 1040 3642; x_wconf 83' lang='lat' dir='ltr'>Resultat</span> <span class='ocrx_word' id='word_1_396' title='bbox 1063 3588 1122 3642; x_wconf 90' lang='lat' dir='ltr'>der</span> <span class='ocrx_word' id='word_1_397' title='bbox 1148 3591 1409 3659; x_wconf 84' lang='lat' dir='ltr'>vorausgehen·</span> 
     </span>
     <span class='ocr_line' id='line_1_45' title="bbox 234 3643 1411 3713; baseline 0.008 -9"><span class='ocrx_word' id='word_1_398' title='bbox 234 3651 794 3707; x_wconf 79' lang='lat' dir='ltr'>krtftienWeiseahweiehendenTon</span> <span class='ocrx_word' id='word_1_399' title='bbox 847 3655 909 3709; x_wconf 87' lang='lat' dir='ltr'>den</span> <span class='ocrx_word' id='word_1_400' title='bbox 949 3643 1137 3710; x_wconf 86' lang='lat' dir='ltr'>llbersicht</span> <span class='ocrx_word' id='word_1_401' title='bbox 1176 3657 1411 3713; x_wconf 86' lang='lat' dir='ltr'>hinsichtlich</span> 
     </span>
     <span class='ocr_line' id='line_1_46' title="bbox 235 3719 1410 3796; baseline 0.008 -24"><span class='ocrx_word' id='word_1_402' title='bbox 235 3735 280 3773; x_wconf 87' lang='lat' dir='ltr'>an.</span> <span class='ocrx_word' id='word_1_403' title='bbox 319 3736 352 3796; x_wconf 36' lang='lat' dir='ltr'>&#39;e</span> <span class='ocrx_word' id='word_1_404' title='bbox 376 3736 416 3774; x_wconf 83' lang='lat' dir='ltr'>or.</span> <span class='ocrx_word' id='word_1_405' title='bbox 440 3719 468 3772; x_wconf 92' lang='lat' dir='ltr'>ll</span> <span class='ocrx_word' id='word_1_406' title='bbox 493 3727 540 3775; x_wconf 82' lang='lat'>193</span> <span class='ocrx_word' id='word_1_407' title='bbox 563 3720 666 3774; x_wconf 87' lang='lat' dir='ltr'>inflexa</span> <span class='ocrx_word' id='word_1_408' title='bbox 688 3722 724 3773; x_wconf 88' lang='lat' dir='ltr'>ad</span> <span class='ocrx_word' id='word_1_409' title='bbox 744 3719 794 3773; x_wconf 92' lang='lat' dir='ltr'>mi·</span> <span class='ocrx_word' id='word_1_410' title='bbox 846 3722 1410 3793; x_wconf 75' lang='lat' dir='ltr'>deschronologisehenVerhtlt·</span> 
     </span>
     <span class='ocr_line' id='line_1_47' title="bbox 235 3786 1411 3848; baseline 0.008 -8"><span class='ocrx_word' id='word_1_411' title='bbox 235 3786 383 3840; x_wconf 82' lang='lat' dir='ltr'>serabrlem</span> <span class='ocrx_word' id='word_1_412' title='bbox 402 3801 590 3842; x_wconf 83' lang='lat' dir='ltr'>sonumvoce.</span> <span class='ocrx_word' id='word_1_413' title='bbox 614 3788 659 3845; x_wconf 91' lang='lat' dir='ltr'>Or.</span> <span class='ocrx_word' id='word_1_414' title='bbox 673 3793 705 3843; x_wconf 82' lang='lat'>56</span> <span class='ocrx_word' id='word_1_415' title='bbox 717 3788 796 3842; x_wconf 86' lang='lat' dir='ltr'>volet</span> <span class='ocrx_word' id='word_1_416' title='bbox 845 3790 955 3842; x_wconf 85' lang='lat' dir='ltr'>nisses</span> <span class='ocrx_word' id='word_1_417' title='bbox 968 3789 1027 3844; x_wconf 90' lang='lat' dir='ltr'>der</span> <span class='ocrx_word' id='word_1_418' title='bbox 1040 3792 1279 3846; x_wconf 89' lang='lat' dir='ltr'>oratorischen</span> <span class='ocrx_word' id='word_1_419' title='bbox 1291 3792 1411 3848; x_wconf 86' lang='lat' dir='ltr'>Prosa-</span> 
     </span>
     <span class='ocr_line' id='line_1_48' title="bbox 233 3852 1410 3930; baseline 0.01 -24"><span class='ocrx_word' id='word_1_420' title='bbox 233 3853 322 3922; x_wconf 76' lang='lat' dir='ltr'>igitur</span> <span class='ocrx_word' id='word_1_421' title='bbox 338 3852 401 3920; x_wconf 86' lang='lat' dir='ltr'>ille,</span> <span class='ocrx_word' id='word_1_422' title='bbox 426 3855 474 3922; x_wconf 91' lang='lat' dir='ltr'>qui</span> <span class='ocrx_word' id='word_1_423' title='bbox 495 3855 671 3923; x_wconf 88' lang='lat' dir='ltr'>eloquentiae</span> <span class='ocrx_word' id='word_1_424' title='bbox 693 3855 794 3923; x_wconf 90' lang='lat' dir='ltr'>princi·</span> <span class='ocrx_word' id='word_1_425' title='bbox 845 3857 1032 3911; x_wconf 82' lang='lat' dir='ltr'>litterator</span> <span class='ocrx_word' id='word_1_426' title='bbox 1058 3858 1179 3912; x_wconf 87' lang='lat' dir='ltr'>beider</span> <span class='ocrx_word' id='word_1_427' title='bbox 1206 3858 1336 3914; x_wconf 80' lang='lat' dir='ltr'>thlrcr</span> <span class='ocrx_word' id='word_1_428' title='bbox 1365 3865 1410 3930; x_wconf 78' lang='lat'>(39</span> 
     </span>
     <span class='ocr_line' id='line_1_49' title="bbox 234 3922 937 4000; baseline 0.011 -27"><span class='ocrx_word' id='word_1_429' title='bbox 234 3922 333 3990; x_wconf 91' lang='lat' dir='ltr'>patum</span> <span class='ocrx_word' id='word_1_430' title='bbox 345 3922 436 4000; x_wconf 86' lang='lat' dir='ltr'>petet,</span> <span class='ocrx_word' id='word_1_431' title='bbox 452 3925 481 3975; x_wconf 91' lang='lat' dir='ltr'>et</span> <span class='ocrx_word' id='word_1_432' title='bbox 493 3924 626 3977; x_wconf 89' lang='lat' dir='ltr'>contenta</span> <span class='ocrx_word' id='word_1_433' title='bbox 638 3937 706 3977; x_wconf 86' lang='lat' dir='ltr'>voce</span> <span class='ocrx_word' id='word_1_434' title='bbox 719 3924 794 3976; x_wconf 89' lang='lat' dir='ltr'>atre-</span> <span class='ocrx_word' id='word_1_435' title='bbox 846 3955 876 3965; x_wconf 79' lang='lat'>-</span> <span class='ocrx_word' id='word_1_436' title='bbox 884 3925 937 3993; x_wconf 81' lang='lat'>44).</span> 
     </span>
     <span class='ocr_line' id='line_1_50' title="bbox 236 3989 1411 4060; baseline 0.009 -19"><span class='ocrx_word' id='word_1_437' title='bbox 236 3989 306 4041; x_wconf 89' lang='lat' dir='ltr'>citer</span> <span class='ocrx_word' id='word_1_438' title='bbox 324 3989 416 4042; x_wconf 79' lang='lat' dir='ltr'>dicere</span> <span class='ocrx_word' id='word_1_439' title='bbox 435 3992 464 4042; x_wconf 91' lang='lat' dir='ltr'>et</span> <span class='ocrx_word' id='word_1_440' title='bbox 481 3990 628 4044; x_wconf 84' lang='lat' dir='ltr'>summissa</span> <span class='ocrx_word' id='word_1_441' title='bbox 646 3990 748 4044; x_wconf 89' lang='lat' dir='ltr'>leniter</span> <span class='ocrx_word' id='word_1_442' title='bbox 766 3991 795 4044; x_wconf 90' lang='lat' dir='ltr'>et</span> <span class='ocrx_word' id='word_1_443' title='bbox 881 3997 920 4048; x_wconf 86' lang='lat'>14.</span> <span class='ocrx_word' id='word_1_444' title='bbox 945 3992 1084 4060; x_wconf 79' lang='lat' dir='ltr'>prodierit</span> <span class='ocrx_word' id='word_1_445' title='bbox 1104 3993 1137 4047; x_wconf 85' lang='lat' dir='ltr'>e&#39;u</span> <span class='ocrx_word' id='word_1_446' title='bbox 1155 3993 1241 4049; x_wconf 84' lang='lat' dir='ltr'>lucem</span> <span class='ocrx_word' id='word_1_447' title='bbox 1263 3995 1318 4048; x_wconf 82' lang='lat' dir='ltr'>wie</span> <span class='ocrx_word' id='word_1_448' title='bbox 1345 3997 1411 4052; x_wconf 91' lang='lat' dir='ltr'>eine</span> 
     </span>
     <span class='ocr_line' id='line_1_51' title="bbox 234 4055 1413 4132; baseline 0.01 -24"><span class='ocrx_word' id='word_1_449' title='bbox 234 4055 371 4132; x_wconf 81' lang='lat' dir='ltr'>inclinata</span> <span class='ocrx_word' id='word_1_450' title='bbox 398 4056 488 4112; x_wconf 89' lang='lat' dir='ltr'>videri</span> <span class='ocrx_word' id='word_1_451' title='bbox 514 4058 610 4126; x_wconf 81' lang='lat' dir='ltr'>gravis</span> <span class='ocrx_word' id='word_1_452' title='bbox 637 4059 666 4112; x_wconf 89' lang='lat' dir='ltr'>et</span> <span class='ocrx_word' id='word_1_453' title='bbox 691 4058 795 4126; x_wconf 74' lang='lat' dir='ltr'>iuflecu</span> <span class='ocrx_word' id='word_1_454' title='bbox 845 4059 994 4127; x_wconf 70' lang='lat' dir='ltr'>Jungfraa</span> <span class='ocrx_word' id='word_1_455' title='bbox 1013 4061 1058 4113; x_wconf 90' lang='lat' dir='ltr'>die</span> <span class='ocrx_word' id='word_1_456' title='bbox 1077 4063 1135 4114; x_wconf 81' lang='lat' dir='ltr'>eust</span> <span class='ocrx_word' id='word_1_457' title='bbox 1152 4061 1180 4113; x_wconf 93' lang='lat' dir='ltr'>in</span> <span class='ocrx_word' id='word_1_458' title='bbox 1198 4062 1249 4115; x_wconf 89' lang='lat' dir='ltr'>der</span> <span class='ocrx_word' id='word_1_459' title='bbox 1261 4060 1343 4118; x_wconf 85' lang='lat' dir='ltr'>Stille</span> <span class='ocrx_word' id='word_1_460' title='bbox 1359 4064 1413 4120; x_wconf 87' lang='lat' dir='ltr'>des</span> 
     </span>
     <span class='ocr_line' id='line_1_52' title="bbox 234 4124 1413 4196; baseline 0.01 -21"><span class='ocrx_word' id='word_1_461' title='bbox 234 4124 412 4180; x_wconf 85' lang='lat' dir='ltr'>mrserabilis.</span> <span class='ocrx_word' id='word_1_462' title='bbox 845 4127 954 4180; x_wconf 82' lang='lat' dir='ltr'>Hauses</span> <span class='ocrx_word' id='word_1_463' title='bbox 977 4126 1186 4196; x_wconf 70' lang='lat' dir='ltr'>heranwtehst,</span> <span class='ocrx_word' id='word_1_464' title='bbox 1210 4129 1253 4182; x_wconf 88' lang='lat' dir='ltr'>his</span> <span class='ocrx_word' id='word_1_465' title='bbox 1277 4130 1323 4184; x_wconf 92' lang='lat' dir='ltr'>die</span> <span class='ocrx_word' id='word_1_466' title='bbox 1346 4135 1413 4187; x_wconf 84' lang='lat' dir='ltr'>Zeit</span> 
     </span>
     <span class='ocr_line' id='line_1_53' title="bbox 269 4192 1413 4260; baseline 0.01 -16"><span class='ocrx_word' id='word_1_467' title='bbox 269 4196 292 4244; x_wconf 86' lang='grc'>9.</span> <span class='ocrx_word' id='word_1_468' title='bbox 325 4193 508 4260; x_wconf 75' lang='lat' dir='ltr'>perfunderet</span> <span class='ocrx_word' id='word_1_469' title='bbox 549 4198 597 4248; x_wconf 89' lang='lat'>188</span> <span class='ocrx_word' id='word_1_470' title='bbox 638 4192 795 4247; x_wconf 86' lang='lat' dir='ltr'>delectatur</span> <span class='ocrx_word' id='word_1_471' title='bbox 845 4195 964 4259; x_wconf 88' lang='lat' dir='ltr'>kommt‚</span> <span class='ocrx_word' id='word_1_472' title='bbox 981 4197 1011 4248; x_wconf 91' lang='lat' dir='ltr'>in</span> <span class='ocrx_word' id='word_1_473' title='bbox 1030 4195 1080 4248; x_wconf 89' lang='lat' dir='ltr'>der</span> <span class='ocrx_word' id='word_1_474' title='bbox 1098 4195 1138 4250; x_wconf 86' lang='lat' dir='ltr'>sie</span> <span class='ocrx_word' id='word_1_475' title='bbox 1149 4196 1193 4250; x_wconf 89' lang='lat' dir='ltr'>ins</span> <span class='ocrx_word' id='word_1_476' title='bbox 1204 4195 1301 4250; x_wconf 89' lang='lat' dir='ltr'>Leben</span> <span class='ocrx_word' id='word_1_477' title='bbox 1312 4199 1413 4255; x_wconf 87' lang='lat' dir='ltr'>treten</span> 
     </span>
     <span class='ocr_line' id='line_1_54' title="bbox 235 4259 1413 4323; baseline 0.01 -12"><span class='ocrx_word' id='word_1_478' title='bbox 235 4259 351 4314; x_wconf 87' lang='lat' dir='ltr'>audiens</span> <span class='ocrx_word' id='word_1_479' title='bbox 374 4261 525 4316; x_wconf 90' lang='lat' dir='ltr'>multitudo</span> <span class='ocrx_word' id='word_1_480' title='bbox 549 4263 579 4316; x_wconf 91' lang='lat' dir='ltr'>et</span> <span class='ocrx_word' id='word_1_481' title='bbox 602 4260 712 4314; x_wconf 85' lang='lat' dir='ltr'>ducitur</span> <span class='ocrx_word' id='word_1_482' title='bbox 730 4277 793 4316; x_wconf 88' lang='lat' dir='ltr'>ora·</span> <span class='ocrx_word' id='word_1_483' title='bbox 846 4262 906 4316; x_wconf 86' lang='lat' dir='ltr'>soll.</span> <span class='ocrx_word' id='word_1_484' title='bbox 942 4262 1078 4317; x_wconf 80' lang='lat' dir='ltr'>Daeselbe</span> <span class='ocrx_word' id='word_1_485' title='bbox 1096 4263 1161 4316; x_wconf 93' lang='lat' dir='ltr'>Bild</span> <span class='ocrx_word' id='word_1_486' title='bbox 1179 4271 1237 4320; x_wconf 80' lang='lat'><strong>330.</strong></span> <span class='ocrx_word' id='word_1_487' title='bbox 1274 4263 1328 4320; x_wconf 90' lang='lat' dir='ltr'>Die</span> <span class='ocrx_word' id='word_1_488' title='bbox 1351 4267 1413 4323; x_wconf 89' lang='lat' dir='ltr'>elo-</span> 
     </span>
    </p>
   </div>
   <div class='ocr_carea' id='block_1_4' title="bbox 0 0 1533 4848">
    <p class='ocr_par' dir='ltr' id='par_1_6' title="bbox 0 0 1533 4848">
     <span class='ocr_line' id='line_1_55' title="bbox 0 0 1533 4848; baseline 0 0"><span class='ocrx_word' id='word_1_489' title='bbox 0 0 1533 4848; x_wconf 95' lang='lat' dir='ltr'> </span> 
     </span>
    </p>
   </div>
  </div>
 </body>
</html>
