3040 4844
512 254 535 310 I.
562 240 807 308 sentierunt}
825 249 981 308 INDICES.
1228 287 1231 296 ·
1270 253 1335 321 275

160 420 275 476 surgere
291 405 328 459 ed
342 404 505 472 dicendum,
523 407 556 458 ut
574 404 649 473 quod
666 403 735 483 pri·'
773 405 854 459 biner
870 404 929 459 und
946 404 1055 460 Marses
1077 407 1135 460 und
1158 406 1222 462 dem
1241 406 1334 461 adria-

159 491 238 527 mum
251 474 369 529 verbum
387 473 538 527 habiturus
552 473 721 539 sitneserat3
772 472 882 527 tisohen
902 471 981 527 Mser
1005 473 1151 543 begrenzt.
1187 475 1246 529 Aus
1268 476 1335 530 dem

158 542 188 596 et
211 541 361 607 nitidem,
386 557 449 595 oum
472 540 636 595 bracehium
655 556 722 594 oon·
773 556 841 620 eger
863 540 983 595 Picenus
1009 542 1067 595 und
1090 541 1214 598 Gallicus
1239 557 1335 598 waren

157 608 317 676 oeifeoerit,
342 609 404 663 tum
422 624 452 662 se
473 608 563 663 solere
582 624 719 677 pugnare.
773 609 820 663 die
839 608 969 664 Senonen
987 624 1041 663 von
1059 609 1114 664 den
1131 609 1255 666 Romam
1272 627 1335 667 ver-

157 676 199 730 Iii
214 682 232 731 4
249 675 303 730 Hie
322 676 373 744 (se.
389 676 515 744 Crassus)
533 691 597 730 oum
615 675 722 730 homini
770 676 882 732 trieben
899 676 1024 732 worden.

160 743 365 799 etvehemeuti
380 745 409 799 et
427 743 532 798 diserto
545 748 575 798 et
590 743 620 796 in
642 743 721 797 rimis
806 744 936 800 Piraeus
960 749 1000 797 61.
1035 743 1072 798 ad
1093 744 1152 804 Ait.
1173 745 1227 800 VII
1249 754 1277 814 6,
1302 753 1334 802 10

156 812 237 892 forti·
259 811 297 865 ed
331 811 533 879 resistendum,
574 811 596 864 P
640 811 715 880 ppo,
769 809 860 866 Venio
882 812 920 865 ad
938 810 1087 877 ‘Piraeea’,
1107 813 1138 866 in
1162 829 1218 880 quo
1241 814 1332 884 magis

157 878 718 1002 tuterit?diit‘ttiffitd.
769 878 1332 1004 triduiiiie.t¹³¹2a‘¹;¹.⁰im¹¹tt⁰.

157 1016 264 1093 exeruit
280 987 502 1093 pigneribusque
521 1015 587 1069 able
612 1012 717 1068 sOras·
770 1013 923 1092 ‘Piraeum'
943 1045 977 1054 -
989 1031 1074 1093 quem
1093 966 1239 1084 ‘in’pquod
1251 990 1333 1072 iddi-

157 1099 217 1136 sum
236 1084 511 1138 mstrtustooeroere.
534 1081 717 1138 deoff.1108
770 1081 868 1136 denm.
904 1081 968 1137 Non
992 1098 1067 1136 emm
1093 1083 1147 1138 hoo
1169 1085 1203 1138 ut
1225 1084 1330 1155 oppido

156 1149 227 1205 Erat
248 1152 278 1202 in
301 1149 331 1204 L.
345 1149 457 1214 Crasso,
480 1151 510 1204 in
532 1149 564 1206 L.
583 1149 717 1219 Philippo
768 1149 933 1270 praeposui,
957 1148 1007 1204 sed
1030 1151 1063 1204 ut
1083 1151 1161 1229 loeo;
1185 1153 1215 1206 et
1234 1155 1331 1207 temen

156 1218 263 1272 multus
280 1217 368 1286 lepos.
387 1248 419 1258 -
438 1217 506 1272 Seli.
524 1218 597 1274 Hiet.
613 1217 716 1288 fragm.
795 1217 921 1286 ionysrus
936 1217 1043 1286 noster,
1062 1235 1111 1286 qus
1124 1220 1167 1273 est
1178 1220 1334 1288 nobiseum,

157 1286 220 1341 151
240 1284 353 1339 enthdit
373 1286 449 1341 seins
468 1285 546 1340 Reda
562 1287 603 1339 im
622 1283 717 1340 Senat.
770 1287 800 1340 ot
813 1283 910 1340 Nicias
920 1283 993 1340 (ioue
1002 1300 1059 1338 non
1068 1286 1185 1340 rebatur
1197 1288 1333 1358 oppidum

189 1352 344 1409 Philistus
353 1359 395 1420 66,
407 1359 457 1408 294
467 1369 516 1408 eus
532 1352 719 1424 Syrahus,im
770 1369 831 1408 esse
857 1353 983 1407 Piraeea
1019 1352 1073 1406 Sed
1103 1353 1139 1407 de
1167 1371 1198 1409 re
1225 1356 1332 1414 videro.

156 1421 181 1479 J.
195 1426 245 1476 386
270 1436 325 1475 von
345 1419 496 1491 Dionysius
517 1422 580 1475 dem
601 1410 719 1476 hitersn
769 1419 906 1474 Nostrum
928 1419 1042 1490 quidem
1063 1419 1088 1474 si
1110 1421 1154 1475 est
1194 1425 1331 1489 ereetum,

157 1489 281 1554 exiliert,
308 1503 362 1544 von
386 1489 538 1558 Dionysius
564 1489 630 1544 dem
652 1488 719 1543 Jdn·
770 1487 800 1541 in
819 1503 852 1542 eo
870 1489 927 1553 est,
951 1487 1027 1554 quod
1044 1503 1100 1542 non
1118 1491 1150 1542 ut
1168 1439 1203 1544 de
1226 1490 1332 1560 oppido

177 1572 244 1612 eren
261 1557 330 1610 eber
351 1557 584 1636 zurichgeruien,
619 1557 650 1610 in
668 1556 719 1611 der
769 1555 881 1610 loeutus
898 1572 975 1622 sum,
993 1555 1042 1609 sed
1060 1559 1092 1609 ut
1110 1556 1145 1610 ds
1162 1556 1239 1623 loeo,
1258 1575 1335 1614 seeu-

176 1624 349 1702 erbannung
370 1623 400 1678 in
417 1624 523 1703 ,Epirus
550 1625 661 1702 sohrieb
689 1639 720 1677 er
769 1624 815 1677 tus
837 1639 873 1678 ue
896 1640 971 1691 sum,
998 1638 1054 1677 non
1081 1623 1144 1701 dieo
1171 1624 1333 1703 discilium,

155 1690 721 1837 tidreiuitl⁸t¹f¹tffte⁰ddit
772 1690 1331 1837 „ittitittddrddudtt

157 1825 326 1880 (issohmhte
356 1825 485 1880 Srorhens
511 1826 555 1880 bis
590 1826 642 1880 auf
673 1826 719 1880 dre
773 1855 800 1866 -
827 1824 877 1880 sed
900 1824 1079 1902 Terentium,
1107 1841 1185 1880 ouius
1213 1828 1333 1884 fabellae

156 1891 323 1962 Ereberuug
349 1909 405 1947 von
427 1891 497 1961 Agr·
520 1895 568 1946 ent
590 1897 651 1962 (409
688 1893 719 1946 in
791 1893 888 1962 ropter
907 1892 950 1947 ele
972 1894 1080 1946 enham
1097 1894 1232 1949 sermonis
1249 1898 1334 1965 pute·

157 1959 254 2038 sieben
271 1958 415 2037 dehern,
440 1909 624 2039 andronius
663 1977 720 2015 ann
771 1909 919 2039 deuturus.
943 2001 968 2037 .'
987 1959 1081 2014 Leeiio
1100 1961 1197 2015 scribi:
1246 2031 1252 2042 .
1313 2032 1319 2042 .

157 2027 203 2081 dre
223 2026 390 2082 Gesohrehte
414 2027 465 2082 der
486 2028 625 2096 Regiorun
670 2028 721 2082 der
807 2027 887 2082 ‘Heri
913 2027 1022 2093 aliquot
1048 2027 1254 2105 adulescentuh
1277 2047 1333 2086 eoi·

155 2094 260 2149 beiden
283 2094 405 2164 Dionyse
432 2094 581 2150 ansohlois.
638 2110 719 2151 eor.
974 2111 1037 2148 mus
1055 2111 1084 2148 ιιι
1102 2095 1243 2152 Piraeum’

154 2163 232 2217 1167
254 2161 336 2215 Hune
359 2166 408 2228 (so.
427 2162 631 2242 Thucydidem)
655 2179 719 2218 oon·
772 2164 801 2218 et
817 2162 908 2218 idem=

156 2230 269 2286 secutus
306 2232 349 2284 est
379 2229 544 2302 Syracusius
576 2229 719 2300 Philistus,
799 2229 1017 2284 <Mercatorhoo
1035 2230 1169 2299 addebat,
1187 2235 1332 2301 captane

156 2299 205 2377 qui
228 2314 292 2352 cunr
315 2297 442 2365 Dionysii
465 2299 577 2368 menni
599 2297 720 2353 familia·
976 2297 1083 2352 Sunio’.

154 2366 283 2420 tissimus
296 2367 379 2444 esset,
398 2367 488 2444 otium
500 2383 581 2420 suum
594 2381 720 2421 eonsum-
772 2364 878 2431 Quodsi
914 2362 1041 2487 du'porrs⁸
1060 2365 1167 2436 oppida
1202 2369 1331 2424 volumus

154 2433 213 2504 psit
229 2433 260 2487 in
277 2433 395 2488 hutone
416 2434 566 2490 sorrbenda
583 2433 718 2489 maxime·
770 2449 839 2501 esee,
852 2435 912 2487 tem
922 2448 951 2487 es
974 2433 1113 2502 opp1dum
1122 2434 1236 2489 Sunium
1246 2454 1332 2506 quam

175 2518 211 2556 ue
233 2500 431 2569 Thucydidem
444 2502 487 2556 est
508 2503 645 2557 imitatus.
681 2501 718 2556 ed
768 2500 893 2556 Piraeus.

155 2517 188 2634 ὃ,
205 2569 239 2622 fr.
259 2567 286 2621 II
306 2575 378 2636 13,4
396 2568 506 2623 Siculus
523 2569 571 2624 iile
589 2570 717 2639 capitalis
804 2569 991 2626 Pisistratus
1008 2576 1050 2636 27,
1064 2575 1105 2635 39,
1119 2576 1161 2624 41.
1183 2571 1265 2628 Seine
1277 2573 1332 2644 Ty-

155 2635 309 2706 (Phiiietus)
333 2636 445 2703 creber,
471 2639 582 2704 acutus,
611 2638 716 2705 brevis,
769 2637 864 2691 renuis
885 2635 951 2692 falle
972 2637 1002 2691 in
1025 2638 1080 2692 den
1105 2638 1247 2694 Zeitraurn
1275 2658 1332 2697 von

175 2720 245 2759 aene
263 2702 383 2773 pusiilus
401 2703 590 2772 Thucydides.
620 2704 716 2770 Quint.
768 2709 912 2760 660-52‘1
935 2722 962 2760 v.
987 2703 1050 2760 Chr.
1093 2705 1129 2760 de
1158 2723 1197 2762 or.
1219 2708 1260 2763 III
1285 2716 1332 2766 137

153 2721 179 2826 Ξ
198 2778 228 2839 1,
247 2777 280 2827 74
297 2770 430 2824 Philistus
449 2786 563 2840 quoque
580 2773 713 2837 meretur,
769 2771 836 2837 Quis
849 2773 956 2827 doctior
968 2772 1074 2827 eisdem
1087 2774 1145 2828 tem
1168 2775 1262 2830 oribus
1274 2777 1332 2832 iliis

154 2839 204 2908 qui
220 2837 322 2893 turbae
345 2840 474 2916 quemvis
496 2839 633 2892 bonorum
651 2841 717 2909 post
770 2839 832 2906 (der
850 2839 946 2894 sieben
965 2839 1091 2907 Wsieen)
1114 2791 1165 2894 eui
1181 2844 1261 2898 ouius
1279 2845 1332 2900 elo-

154 2923 202 2962 eos
232 2907 378 2960 auctorum
408 2907 561 2970 eximatur,
590 2905 717 2961 imitator
768 2907 884 2975 questio
912 2907 1014 2962 litteris
1048 2909 1213 2964 distractior
1246 2912 1333 2967 fuisse

154 2973 315 3044 Thucydidi
339 2971 475 3052 (μιμητὴς
500 2977 551 3028 τοῦ
571 2975 717 3031 Θουκνὸί-
768 2973 901 3038 truditur,
920 2989 1006 3041 quam
1023 2974 1180 3029 Pisistrati?
1205 2979 1254 3044 qui
1295 2979 1332 3033 ri·

155 3045 221 3109 δον)
240 3043 269 3096 et
286 3042 319 3095 ut
336 3041 427 3095 multo
444 3042 583 3095 infirmior
604 3042 646 3097 ita
667 3041 717 3097 ali·
768 3057 830 3094 mue
848 3039 964 3095 Homeri
985 3040 1074 3095 libros
1093 3042 1223 3098 confusos
1242 3061 1278 3100 en
1310 3063 1331 3103 s

154 3111 293 3177 quatenus
310 3109 438 3164 lueidior.
768 3109 808 3161 sio
843 3107 1011 3176 disposuisse
1042 3108 1158 3176 dieitur,
1194 3114 1226 3164 ut
1254 3130 1329 3168 nune

187 3176 280 3233 Philo
312 3183 362 3231 306
392 3193 442 3231 eus
471 3176 595 3244 Larissa,
623 3175 718 3231 Neoh-
771 3176 917 3231 hebemus.

152 3246 268 3300 homme
292 3243 341 3298 des
365 3243 560 3299 Klitomaohus
583 3244 624 3298 eis
646 3243 717 3298 Vor-
802 3245 836 3299 1..
850 3243 1065 3313 (calpurnius)
1081 3243 1154 3300 Piso
1167 3245 1262 3315 Frugi
1281 3253 1331 3303 106

154 3312 238 3369 stand
256 3313 306 3365 der
318 3311 475 3368 Alrudemie
494 3314 559 3382 (von
577 3311 717 3366 munchen
738 3332 740 3337 ·
770 3312 832 3378 ‘qui
848 3312 930 3364 tante
946 3311 1051 3366 virtute
1065 3312 1150 3379 etque
1162 3311 1331 3383 integritate

153 3381 196 3435 als
214 3379 313 3434 Stifter
331 3378 382 3434 der
399 3394 429 3433 so
453 3421 459 3434 .
483 3381 622 3436 vierten
640 3379 717 3434 Aka—
767 3378 840 3448 fuit,
863 3381 895 3432 ut
912 3378 998 3432 etiem
1015 3378 1071 3432 iilis
1091 3378 1204 3447 optimis
1220 3383 1330 3451 tempo·

153 3449 247 3503 demis
282 3397 465 3515 bezeichnei).
512 3447 585 3502 Plut.
617 3447 672 3502 Cio.
700 3454 716 3502 3
766 3446 859 3512 ribus,
887 3462 951 3524 oum
968 3446 1112 3501 hominem
1133 3446 1261 3504 invenire
1281 3467 1331 3506 ne·

152 3513 329 3585 ἀπαλλαγεὶς
343 3511 377 3569 δὲ
391 3516 448 3569 τῶν
464 3510 495 3570 ἐν
506 3515 590 3570 παισὶ
604 3517 715 3582 διατρι-
767 3531 852 3581 quem
866 3529 1007 3569 nemmem
1041 3530 1127 3582 osses,
1144 3516 1329 3574 solustamen

153 3585 212 3653 βῶν
230 3586 358 3664 &liugos
379 3577 488 3651 ἤκουσε
512 3587 563 3639 τοῦ
585 3577 615 3651 ἐξ
635 3581 715 3638 tiso-
767 3583 821 3635 Fru
845 3583 850 3592 '
870 3583 1016 3662 nominare
1049 3592 1072 3635 τ’
1092 3586 1131 3660 (p.
1147 3581 1265 3641 Fonteio
1284 3594 1329 3655 39)

152 3653 285 3721 disperdas,
307 3670 342 3705 ov
360 3647 485 3720 μάλιστα
501 3646 639 3720 Ῥωμαῖοι
657 3653 714 3704 τῶν
766 3650 833 3704 brec
853 3650 883 3704 ie
906 3649 947 3703 ele
969 3649 1079 3705 Tnbun
1101 3669 1141 3705 rm
1164 3652 1190 3707 J.
1212 3661 1259 3710 149
1283 3656 1331 3711 die

153 3725 256 3776 Kissso
280 3715 352 3788 siloe
372 3717 509 3787 συνήθων
528 3720 577 3773 καὶ
591 3715 642 3772 διὰ
661 3713 714 3772 τόν
766 3717 811 3772 lex
825 3717 1217 3787 Celpumie(iiberheupidie
1234 3723 1330 3778 erute

151 3738 429 3871 16γον,ϊ6ζαύμασαν
446 3786 497 3841 καὶ
510 3782 561 3840 διὰ
579 3781 631 3842 τὸν
649 3780 713 3853 πρό·
767 3784 822 3864 lex)
837 3785 872 3838 de
883 3785 1011 3865 pecuniis
1022 3787 1187 3865 repetundis
1199 3788 1252 3856 ein,
1270 3805 1327 3844 von

152 3872 407 3978 desudet.
430 3853 715 3990 irrideris
767 3852 920 3974 irritu
939 3853 1202 3989 dedederit
1223 3857 1329 3994 {ipit

151 3990 314 4060 frequenter
332 3988 499 4052 audivimus,
517 3989 641 4043 instituit
658 3988 714 4043 aiio
765 3988 888 4043 Romani
902 3993 1034 4060 petrone’
1052 3988 1201 4058 geprieseu
1219 3993 1266 4060 (de
1278 3992 1327 4048 off.

151 4061 280 4129 temporo
306 4057 451 4112 rhetorum
477 4059 632 4126 praecepte
656 4059 714 4111 tra·
765 4054 793 4108 ΙΙ
817 4062 849 4111 76
875 4056 1006 4111 Nondum
1034 4060 1145 4110 centum
1172 4059 1202 4112 et
1228 4060 1327 4114 decem

152 4126 232 4194 dere,
260 4125 315 4180 elio
339 4124 580 4195 philosophorum.
615 4125 650 4179 de
673 4140 713 4179 or.
765 4125 832 4178 unni
849 4125 914 4179 sunt
931 4124 980 4193 (im
996 4124 1020 4182 J.
1034 4129 1089 4192 44),
1107 4139 1171 4178 oum
1189 4126 1224 4180 de
1241 4143 1326 4196 peon·

152 4194 192 4248 III
211 4201 268 4251 110.
764 4191 818 4246 niis
835 4191 999 4262 repetundis
1011 4206 1029 4244 a
1039 4190 1070 4245 L.
1083 4190 1184 4247 Pisone
1201 4194 1262 4250 iate
1278 4196 1326 4251 lex

186 4263 318 4318 Pioenus
337 4275 406 4330 eger
419 4265 451 4314 67
469 4258 712 4328 inMittelitalisn‚
765 4261 820 4326 est,
846 4260 926 4313 nulla
949 4260 1034 4314 antea
1060 4275 1124 4314 oum
1150 4261 1258 4323 fuisset.
1296 4263 1326 4319 in

152 4346 208 4385 von
226 4328 377 4397 Umbrien,
400 4330 464 4382 dem
482 4327 578 4383 Lende
596 4330 647 4384 der
664 4327 713 4384 Se·
764 4325 845 4386 Verr.
868 4327 908 4380 111
933 4331 993 4394 196,
1016 4326 1056 4381 IV
1074 4328 1132 4397 66),
1157 4329 1263 4386 Konsui
1285 4331 1326 4385 irn

1070 4413 1122 4469 18*
