3050 4848
418 175 430 206 Ι

448 259 592 317 Bauius
611 267 653 328 ae,
674 266 732 316 raa.
761 266 803 328 ar,
823 265 880 319 raa.
894 267 958 356 ,¹4⁰⁶

1228 259 1289 332 109

114 421 330 502 processerat,
360 414 416 480 sed
438 414 477 480 de
499 414 657 480 industria
679 435 751 480 cum
773 413 880 477 verbis
902 418 971 478 tum
993 420 1089 484 etiam
1114 422 1185 506 ipso
1208 447 1287 492 sono

114 503 206 587 quasi
228 501 406 567 subrustico
427 501 680 584 persequebatur
701 501 797 583 atque
820 498 1008 564 imitabatur
1029 505 1264 589 antiquitatem.

200 589 306 671 Atque
329 606 388 670 ego
409 585 492 650 etin
507 585 653 667 hocipso
669 583 766 649 Cotta
780 586 814 648 et
827 585 861 648 in
877 583 948 648 aliis
964 587 1110 670 pluribus
1131 593 1287 681 intellego

113 695 166 737 me
187 694 254 737 non
275 673 321 737 ita
342 673 479 735 disertos
501 670 649 735 homines
678 672 711 734 et
738 667 899 734 rettulisse
927 670 962 733 in
989 677 1152 741 oratorum
1178 701 1289 744 nume·

86 779 184 824 arum
207 760 240 822 et
261 757 449 822 relaturum.
487 755 549 819 Est
570 755 656 818 enim
677 753 877 837 propositum
894 753 1046 842 colligere
1062 780 1126 846 eos,
1150 765 1205 847 qui
1227 764 1289 831 hoc

111 863 245 907 munere
267 843 302 906 in
329 842 459 906 civitate
486 839 593 904 functi
620 839 703 921 sint,
730 843 767 902 ut
794 842 943 905 tenerent
972 847 1135 910 oratorum
1162 849 1288 934 locum3

111 949 250 1012 quorum
272 927 403 1011 quidem
425 946 507 1012 quae
528 922 627 990 fuerit
649 924 795 989 ascensio
819 928 851 987 et
865 945 961 1007 quam
976 927 1012 993 in
1027 932 1177 998 omnibus
1194 935 1288 1000 rebus

112 1013 256 1077 difficilis
284 1012 398 1095 optimi
425 1010 580 1095 perfectio
607 1012 704 1094 atque
732 1008 893 1074 absolutio
919 1031 959 1075 ex
993 1033 1031 1078 eo
1065 1017 1151 1100 quod
1182 1018 1288 1084 dicam

114 1097 290 1162 existimari
314 1098 431 1179 potest.
469 1096 572 1171 Quam
593 1095 687 1159 multi
702 1094 788 1158 enim
804 1094 869 1158 iam
885 1099 1028 1163 oratores
1046 1105 1286 1169 commemorati
1305 1110 1353 1160 138

74 1204 101 1247 ιο
115 1186 192 1246 sunt
214 1185 247 1246 et
268 1203 364 1264 quam
386 1180 439 1246 diu
455 1180 489 1243 in
508 1200 616 1244 eorum
633 1179 875 1244 enumeratione
890 1202 1065 1269 versamur,
1089 1207 1161 1251 cum
1176 1193 1288 1254 tamen

114 1266 217 1350 spisse
239 1270 336 1350 atque
356 1266 424 1349 uix,
446 1268 484 1329 ut
502 1264 621 1329 dudum
643 1264 683 1328 ad
703 1263 945 1330 Demosthenen
967 1272 1001 1333 et
1021 1269 1217 1357 Hyperiden,
1241 1275 1287 1339 sic

113 1373 200 1415 nunc
222 1351 260 1416 ad
277 1351 456 1416 Antonium
472 1349 686 1433 Crassumque
708 1350 929 1433 pervenimus!
963 1352 995 1417 N
997 1375 1049 1418 am
1071 1376 1130 1441 ego
1152 1359 1199 1422 sic
1222 1361 1286 1424 exi·

114 1437 223 1517 stimo,
257 1435 315 1500 hos
344 1438 487 1500 oratores
514 1434 613 1499 fuisse
642 1435 797 1499 maximos
825 1438 858 1498 et
891 1435 926 1499 in
958 1437 1009 1501 his
1042 1441 1180 1522 primum
1215 1465 1288 1509 cum

115 1521 308 1586 Graecorum
336 1521 442 1604 gloria
469 1520 584 1584 Latine
613 1518 739 1584 dicendi
772 1521 899 1604 copiam
926 1527 1103 1607 aequatam,
1156 1527 1274 1593 Omnia
1286 1529 1329 1596 37
1340 1544 1388 1593 139

72 1606 287 1672 reveniebant
310 1605 452 1670 Antonio
479 1605 514 1669 in
541 1609 699 1688 mentem3
727 1625 827 1688 eaque
854 1626 912 1670 suo
941 1627 1085 1694 quaeque
1112 1611 1201 1695 loco,
1231 1615 1289 1678 ubi

111 1691 285 1775 plurimum
308 1691 463 1776 prolicere
486 1692 519 1754 et
538 1690 646 1755 valere
660 1699 804 1774 possent,
827 1692 865 1754 ut
886 1691 926 1756 ab
956 1693 1148 1776 imperatore
1164 1699 1287 1782 equites

111 1776 235 1860 pedites
257 1776 336 1840 levis
359 1779 536 1858 armatura,
558 1775 605 1840 sic
627 1775 667 1838 ab
689 1774 746 1838 illo
774 1775 809 1838 in
831 1776 970 1841 maxime
999 1782 1189 1865 opportunis
1219 1804 1286 1847 ora-

111 1861 211 1927 tionis
244 1860 390 1945 partibus
421 1859 670 1926 collocabantur.
723 1859 804 1924 Erat
836 1862 991 1927 memoria
1024 1885 1163 1949 summa,
1197 1868 1286 1932 nulla

110 1944 332 2012 meditationis
353 1945 503 2029 suspitio;
530 1941 707 2032 impbratus
735 1965 861 2028 semper
888 1947 1022 2032 aggredi
1050 1949 1090 2012 ad
1119 1951 1286 2016 dicendum
1346 1947 1397 2003 Q

69 2032 292 2112 obsidebatur,
315 2031 371 2095 sed
393 2031 440 2094 ita
462 2033 533 2095 erat
553 2034 695 2114 paratus,
718 2034 756 2094 ut
769 2028 891 2094 iudices
913 2031 969 2095 illo
984 2031 1111 2098 dicente
1126 2057 1288 2102 nonnum·

111 2137 208 2200 quam
230 2115 416 2181 viderentur
437 2136 504 2180 non
532 2115 610 2180 satis
633 2116 737 2198 parati
763 2114 802 2178 ad
827 2116 1002 2180 cavendum
1024 2118 1133 2184 fuisse.
1181 2119 1288 2186 Verba
1304 2137 1354 2188 140

111 2203 183 2285 ipsa
203 2222 270 2266 non
290 2201 346 2265 illa
367 2201 494 2284 quidem
510 2199 751 2286 elegantissimo
766 2220 912 2264 sermone
928 2241 967 2252 -
984 2202 1094 2287 itaque
1116 2204 1288 2291 diligenter

113 2371 390 2492 1112.4{ratiquc'tatera
415 2374 546 2437 er,116,
575 2370 610 2424 de
633 2385 673 2424 or.

147 2505 179 2559 B.
197 2506 297 2560 Ereta
310 2505 675 2560 Bliitcaeitderrbmi·

111 2574 217 2634 schen
234 2572 511 2629 Beredsamkeit.
531 2579 674 2628 138-201.

147 2645 175 2712 a)
206 2640 491 2697 Charakteristik
518 2641 578 2696 der
605 2640 675 2695 bei·

110 2713 179 2767 den
195 2709 331 2779 Tr'ager
347 2710 464 2764 dieser
480 2708 595 2778 Stufe,
617 2709 675 2763 des

110 2781 253 2836 Crassus
269 2777 674 2832 undAntonius138-165.

146 2855 172 2904 3.
199 2846 291 2916 Atque
310 2860 357 2916 ayo
374 2835 529 2914 llbergaug
540 2863 591 2898 aur
602 2845 674 2898 Dar-

110 2915 215 2972 stcllun
249 2916 300 2970 der
311 2914 414 2968 beiden
427 2917 540 2982 grossen
552 2912 674 2968 Redner.

145 2989 171 3038 s.
195 2932 249 3038 ab
261 2983 438 3051 adpositam
455 2986 518 3059 aro,

145 3058 171 3106 7.
190 3052 313 3107 ascanio
329 3051 374 3105 ihr
392 3049 587 3104 allm'ehhches
604 3048 673 3102 Auf-

110 3119 231 3189 steigeu.
260 3119 324 3189 Vgl.
343 3124 374 3173 ⁷1
393 3116 466 3172 nihil
484 3122 528 3172 est
545 3117 621 3171 enim
638 3116 673 3170 si-

110 3187 173 3242 mul
190 3189 231 3310 2cot
259 3187 407 3242 inventum
439 3188 469 3240 et
502 3184 673 3255 perfectum

109 3262 171 3321 270,
225 3262 249 3310 9.

145 3323 226 3378 rebus
243 3321 450 3391 Beriehungen.

148 3397 190 3446 10.
215 3397 309 3446 turem
334 3391 421 3458 spisce
446 3389 595 3445 Troiadem
622 3390 674 3444 wie

109 3461 198 3528 lange
215 3459 267 3513 hat
279 3475 308 3513 es
320 3459 468 3527 gcdauert,
486 3458 530 3511 bis
542 3459 594 3512 wir
601 3458 675 3528 Jctat

109 3526 277 3582 allmthlich
290 3525 347 3580 und
358 3527 412 3580 mit
420 3526 505 3581 Miihe
516 3527 547 3580 in
559 3541 675 3580 unserer

108 3595 297 3664 Darstellung
319 3594 363 3649 bis
386 3612 420 3648 au
443 3595 495 3649 der
517 3594 597 3649 Stule
625 3594 675 3648 der

108 3662 373 3718 Volllrommenheit
399 3663 448 3716 des
476 3663 591 3718 Crassus
616 3661 675 3714 und

108 3731 252 3788 Antonius
277 3730 494 3799 vorgedruugen
517 3729 588 3786 sind.
615 3735 674 3788 296.

108 3799 221 3854 Nonius
248 3817 277 3868 p.
299 3805 350 3854 302
379 3799 499 3853 sissum
532 3796 676 3866 significat

107 3866 234 3925 tardum.
265 3868 300 3920 de
317 3882 357 3922 or.
375 3817 479 3922 liare.
496 3866 539 3920 III
556 3872 614 3921 145.

147 3940 188 3988 11.
212 3935 320 3992 dudam
339 3934 470 4001 ‘vorhin’,
494 3935 589 3988 ‘oben’
614 3939 672 3991 252.

108 4003 148 4057 de
167 4016 208 4057 or.
227 4003 240 4056 I
257 4008 322 4070 2063
340 4004 366 4057 ΙΙ
384 4009 434 4059 262
455 4001 514 4056 diri
532 4003 606 4056 enim
624 4003 674 4055 du·

108 4072 190 4137 dum,
199 4072 339 4127 rationem
350 4087 409 4127 esse
419 4071 503 4125 aliam
513 4071 576 4138 ioci,
589 4070 675 4126 aliam

109 4139 283 4195 severitatis.

145 4207 435 4263 Charakteristik
473 4207 531 4261 des
567 4207 675 4261 Anto·

106 4275 189 4330 nius
206 4277 279 4330 nach
297 4277 352 4331 den
369 4274 590 4331 verschiedenen
611 4275 674 4329 red-

106 4344 260 4398 nerischen
277 4342 456 4399 Funlrtionen
476 4348 617 4398 lae-143.

760 2375 801 2423 14.
822 2369 925 2424 Omnia
942 2401 976 2410 -
993 2388 1051 2426 was
1068 2388 1118 2427 zur
1132 2373 1222 2429 Sache
1240 2392 1287 2443 ge·

725 2437 820 2491 horte:
839 2453 870 2492 er
887 2439 1008 2493 tibersah
1025 2441 1118 2496 nichts
1130 2471 1162 2480 -
1174 2443 1289 2497 bezieht

726 2505 786 2559 sich
803 2507 855 2562 auf
870 2505 916 2560 die
934 2507 1068 2564 inventio.

761 2579 801 2632 15.
831 2590 916 2642 caque
944 2575 1098 2631 besonders
1128 2576 1173 2632 die
1204 2596 1235 2634 ar
1277 2609 1288 2618 -

726 2643 832 2711 menta,
851 2642 921 2710 geht
939 2643 990 2697 auf
999 2643 1045 2699 die
1058 2645 1229 2712 collocatio(
1251 2650 1287 2701 is-

726 2710 852 2779 positio).
879 2711 916 2764 ad
928 2709 995 2768 Her.
1008 2712 1094 2767 11118
1111 2713 1182 2768 haec
1194 2715 1287 2784 dispo-

727 2777 792 2832 sitio
810 2779 950 2843 locorum,
972 2781 1118 2850 tamquam
1140 2782 1287 2838 instructio

725 2845 859 2914 militum,
876 2845 1010 2901 facillime
1022 2847 1052 2901 in
1065 2848 1195 2919 dicendo,
1215 2851 1288 2905 sicut

719 2914 775 2992 'illa
799 2916 830 2993 in
858 2913 1023 2984 pugnando,
1053 2931 1153 2985 parere
1182 2919 1288 2986 poterit

725 2986 883 3040 vrctorram.

759 3057 801 3108 21.
820 3049 1029 3106 adcubantium
1046 3049 1092 3104 Sie
1110 3050 1210 3106 liessen
1228 3053 1288 3106 sich

724 3117 939 3188 iibenumpeln,
962 3118 1016 3172 wie
1038 3118 1068 3170 in
1091 3117 1155 3172 dem
1172 3118 1287 3174 Proaess

726 3184 775 3240 des
792 3186 951 3256 Norbanus,
971 3185 1027 3239 den
1037 3184 1176 3240 Antonius
1194 3203 1288 3257 gagen

726 3253 866 3323 Sulpicius
878 3253 1048 3322 verteidigte
1061 3252 1097 3308 de
1110 3269 1150 3308 or.
1163 3253 1191 3307 II
1203 3254 1287 3310 norff.

758 3324 840 3377 verba
857 3323 922 3390 ipso
939 3323 992 3376 etc.
1019 3322 1075 3375 Das
1087 3321 1231 3391 Folgende
1243 3322 1287 3378 bis

726 3406 750 3443 c.
767 3394 801 3444 38
822 3389 958 3444 achildert
980 3389 1057 3443 scine
1081 3389 1216 3444 elocutio:
1244 3394 1287 3446 Au

726 3457 772 3511 die
790 3458 925 3527 negative
943 3458 1085 3527 Aussage:
1109 3459 1166 3513 ‘die
1178 3457 1288 3527 Worte,

726 3526 772 3580 die
796 3543 827 3581 er
848 3526 999 3592 brauchte,
1023 3541 1118 3580 waren
1140 3526 1221 3582 nicht
1236 3543 1286 3596 gc·

725 3593 794 3648 rade
820 3594 957 3665 gewahlt’
987 3593 1113 3648 schliesst
1144 3594 1203 3649 sich
1229 3597 1287 3650 crst

726 3662 772 3716 die
800 3661 851 3716 Fol
873 3678 962 3731 erung
989 3662 1071 3730 (also
1100 3661 1137 3716 ist
1162 3662 1289 3733 Sorgfalt

725 3729 765 3810 im
788 3678 938 3810 Ausimclr
960 3729 1039 3784 nicht
1060 3729 1120 3784 sein
1141 3729 1286 3808 Vorzug’),

725 3798 772 3852 dre
791 3799 860 3853 aber
876 3798 971 3867 glerch
982 3798 1087 3852 wieder
1099 3797 1151 3852 auf
1159 3798 1204 3850 rhr
1215 3799 1287 3851 nch-

724 3866 799 3936 tigee
826 3867 898 3922 Mass
924 3865 1067 3920 reduniert
1091 3865 1163 3919 wird
1190 3865 1286 3933 t‘ohne

726 3935 789 3989 dass
817 3951 849 3990 er
875 3951 904 3989 es
931 3935 1063 4004 iibrigens
1090 3932 1189 3988 darum
1213 3949 1286 4002 gana

727 4019 763 4058 an
788 4002 921 4057 Reinheit
947 4001 996 4056 des
1019 4001 1181 4055 Ausdrucks
1206 4000 1286 4054 h'atte

725 4070 822 4125 fehlen
839 4070 963 4139 lassam).
990 4069 1055 4123 Nun
1074 4067 1128 4121 soll
1146 4067 1196 4121 das
1213 4067 1286 4138 posi·

726 4139 784 4193 tire
813 4137 873 4193 Lob
903 4137 995 4192 seiner
1024 4136 1146 4191 elocutio
1173 4135 1284 4204 folgen3

727 4207 780 4260 che
799 4205 857 4261 dies
875 4205 944 4260 aber
961 4204 1187 4273 ausgesprochen
1205 4203 1285 4270 wird,

727 4273 908 4344 rechtsertigt
920 4272 1026 4339 Cicero,
1043 4271 1133 4326 durch
1145 4271 1200 4326 deu
1212 4274 1286 4325 Aus-

727 4340 815 4396 druck
833 4339 950 4412 propria
966 4339 1027 4394 laus
1049 4339 1216 4408 veranlasst,
1240 4357 1285 4393 zu-
