3016 4846
223 239 287 302 202
334 233 337 238 ’

223 399 298 455 tans
320 389 382 475 (sic
403 390 490 454 enim
512 411 598 454 nunc
620 389 807 472 loquuntur)
836 411 930 473 saepe
960 411 1032 452 cum
1054 387 1097 452 Μ.
1121 387 1239 451 Pisone
1265 389 1298 450 ct
1321 408 1397 450 cum

224 475 261 552 Q.
283 475 437 558 Pompeio
464 479 521 540 aut
548 496 619 538 cum
648 475 755 557 aliquo
784 474 916 557 cotidie,
944 475 1040 557 idque
1067 473 1224 536 faciebam
1256 471 1398 536 multum

224 563 321 625 etiam
343 559 469 640 Latine,
493 560 547 623 sed
564 559 687 624 Graece
709 559 852 642 saepics3
874 559 926 622 vel
945 559 1029 643 quod
1046 557 1168 622 Graeca
1182 557 1285 620 oratio
1299 557 1399 639 plura

225 649 417 709 ornamenta
439 644 647 728 suppeditans
669 643 935 707 consuetudinem
957 643 1105 706 similiter
1127 641 1240 706 Latine
1266 641 1398 706 dicendi

225 729 406 813 adferebat,
428 731 480 793 vel
502 728 629 812 quoda
651 727 781 792 Graecis
804 729 936 792 summis
959 728 1156 805 doctoribus,
1184 726 1247 790 nisi
1271 725 1425 790 Graecas

156 815 372 892 311dicerem‚
395 835 500 897 neque
523 814 637 897 corrigi
660 833 785 896 possem
806 834 910 897 neque
925 813 1044 878 doceri.
1079 811 1248 876 Tumultus
1262 811 1399 875 interim

222 901 260 963 in
282 898 500 982 recuperanda
522 919 557 962 re
578 897 708 981 publica
729 902 763 963 ct
784 897 920 962 crudelis
941 898 1091 962 interitus
1107 899 1269 960 oratorum
1284 898 1398 978 trium,

225 983 398 1049 Scaevolae
427 982 585 1048 Carbonis
613 982 764 1063 Antistii,
798 983 920 1046 reditus
954 982 1069 1047 Cottae
1103 981 1252 1046 Curionis
1285 978 1399 1045 Crassi
1434 1020 1467 1049 ,;

224 1068 432 1132 Lentulorum
459 1067 620 1151 Pompeii,
655 1068 744 1152 leges
774 1071 806 1132 et
832 1068 951 1134 iudicia
983 1067 1173 1140 constituta,
1206 1069 1401 1148 recuperata
1415 1055 1452 1098 ²⁹

224 1174 275 1217 res
297 1152 441 1238 publica3
464 1175 504 1217 ex
524 1174 659 1217 numero
681 1151 788 1217 autem
803 1157 967 1222 oratorum
981 1151 1179 1235 Pomponius
1194 1149 1397 1216 Censorinus
1410 1175 1438 1217 ro

669 235 813 292 BRUTUS
831 243 873 302 90,
892 241 951 290 311.

225 1322 263 1376 Ut
281 1320 356 1377 enim
379 1323 464 1376 antea
481 1321 699 1376 declamitabam
718 1337 783 1374 cau·
834 1337 888 1388 que
913 1324 964 1375 eto.
988 1321 1054 1374 ibid.
1073 1327 1089 1372 2
1107 1318 1203 1374 Cicero
1225 1319 1255 1371 in
1273 1318 1401 1386 epistula

225 1407 283 1468 sas,
310 1390 384 1458 quod
404 1405 487 1467 nemo
508 1407 553 1442 me
578 1389 682 1468 diutius
705 1389 781 1454 fecit,
834 1385 1400 1466 11Μ.111111111111111111;1111111111

225 1456 783 1594 111111113111111111111
833 1454 1402 1590 1110111111111111111

224 1592 323 1647 Zeiten
344 1592 417 1646 bloss
439 1609 488 1645 aur
509 1591 691 1660 praktiscben
713 1590 783 1646 Vor-

225 1661 300 1714 iibun
344 1661 435 1727 dient,
462 1659 533 1714 wird
560 1660 656 1728 apaten
676 1660 706 1712 in
733 1658 784 1712 der

223 1728 311 1782 Veris
333 1729 388 1782 zeii
405 1728 456 1783 der
468 1726 683 1781 Beredsamkeit
699 1727 783 1780 unter

223 1797 279 1851 den
300 1795 420 1849 Kaisern
443 1794 632 1849 Selbstzwack
654 1794 713 1847 und
733 1795 782 1847 be-

223 1865 323 1918 deutet
348 1863 424 1917 dann
449 1861 623 1932 demgemitss
652 1861 783 1916 declami-

223 1935 285 1986 tare
303 1930 526 1999 Kunstvortrage
544 1931 615 1984 iiber
631 1931 676 1983 ein
695 1929 782 1983 bolie-

223 1999 304 2069 biges
317 1999 425 2054 Thema
434 1998 541 2064 halten,
558 2015 606 2051 um
625 1998 684 2051 sich
694 1997 783 2051 hdren

224 2085 258 2121 zu
269 2068 368 2122 lassen.
382 2097 414 2108 -
427 2063 479 2121 Die
492 2065 666 2120 rhetorische
678 2052 783 2134 Cbung

223 2134 385 2189 beschreibt
407 2134 505 2189 Cicero
529 2134 564 2188 de
588 2132 728 2187 111149
751 2134 783 2186 ut

224 2219 309 2256 causa
331 2201 428 2271 aliqua
444 2202 538 2270 posita
561 2200 698 2254 consimili
720 2216 784 2252 ceu-

223 2287 316 2324 sarum
335 2286 441 2335 earum,
459 2285 532 2338 quae
549 2269 579 2322 in
597 2269 688 2322 forum
706 2269 783 2321 defe-

223 2340 338 2403 runtur,
365 2337 463 2391 dicatis
491 2353 577 2406 quam
599 2336 720 2390 maxime
747 2335 784 2388 ad

223 2407 374 2461 veritatem
404 2405 616 2459 accommodate
647 2404 685 2473 (d.
713 2421 733 2456 s.
756 2421 784 2471 g,

223 2473 399 2529 1111111811.
418 2475 505 2528 contr.
524 2472 537 2524 1
553 2489 582 2540 p.
594 2474 646 2540 63).

259 2550 283 2595 2.
301 2547 351 2595 aut
366 2557 428 2595 cam
444 2541 539 2608 aliuco
557 2539 626 2593 oder
642 2539 693 2592 mit
710 2540 788 2592 sonst

221 2609 347 2681 jemand,
360 2608 413 2662 wie
425 2614 487 2670 20ος
506 2609 541 2660 (11
551 2623 593 2660 or.
604 2607 631 2659 11
642 2612 690 2661 178
702 2606 787 2660 Plura

225 2678 300 2731 enim
318 2676 408 2730 multo
426 2675 553 2729 homines
575 2673 703 2728 iudicant
720 2674 785 2728 odio

226 2746 276 2800 aut
293 2759 402 2807 amore,
421 2743 470 2796 aut
488 2742 642 2813 cupiditate
663 2742 785 2796 111111-

226 2812 336 2877 cundia,
355 2814 405 2865 aut
422 2811 519 2865 dolore
532 2811 583 2863 aut
598 2810 717 2875 laetitia,
735 2814 786 2863 aut

226 2897 276 2950 spe
295 2881 346 2933 aut
362 2880 472 2944 timore,
491 2880 539 2933 aut
557 2894 650 2932 errore
669 2881 719 2932 aut
733 2877 783 2931 ali-

225 2964 283 3070 quta
298 2947 474 3070 pprmotione
486 2947 597 3013 mentis,
614 2963 699 3014 quam
711 2945 786 3000 veri·

224 3019 355 3072 mesa

260 3093 284 3140 3.
305 3084 409 3139 Graece
425 3083 537 3152 saepias
555 3081 591 3136 So
608 3082 676 3135 l'asst
687 3080 784 3135 Cicero

226 3153 280 3208 den
298 3152 409 3206 Redner
422 3152 537 3206 Crassus
556 3165 643 3218 sagea
663 3150 697 3202 de
717 3148 784 3201 or.I

227 3227 275 3276 155
287 3219 391 3274 Postea
403 3218 472 3272 mihi
483 3218 600 3288 placuit,
620 3232 709 3284 eoque
722 3233 784 3270 sum

225 3305 290 3342 usus
302 3287 475 3352 adulescens,
494 3289 527 3340 ut
538 3301 709 3338 summorum
723 3299 784 3336 ora-

223 3356 318 3410 torum
345 3354 469 3408 Graecas
495 3353 636 3408 orationes
664 3351 785 3420 explica-

224 3439 296 3488 rem3
315 3422 418 3491 quibus
436 3421 516 3474 lectis
534 3420 588 3473 hoc
600 3419 666 3473 adse
688 3418 784 3484 usbar,

225 3494 257 3544 ut
277 3506 339 3543 cum
358 3505 405 3554 11,
428 3504 500 3555 quae
522 3488 649 3555 legeram
668 3435 782 3550 Cresco,

225 3556 324 3610 Latine
342 3556 504 3622 redderem,
528 3569 584 3610 noa
605 3554 696 3608 solum
715 3553 785 3622 opti·

225 3623 279 3678 mis
296 3623 390 3676 verbis
407 3624 502 3677 uterer
514 3623 543 3677 et
556 3624 652 3676 tamen
663 3620 785 3687 usitatis,

834 1593 905 1645 tium
918 1593 1072 1660 quendam
1091 1591 1127 1644 ad
1140 1606 1225 1658 quem
1237 1606 1302 1643 cum
1313 1589 1403 1644 fieret

834 1675 993 1725 concursus,
1006 1659 1082 1726 quod
1092 1657 1310 1712 studiosissimus
1320 1657 1403 1726 quis-

833 1724 1403 1848 irritattristitiis&

834 1863 929 1916 autem
975 1861 1201 1917 doctissimorum
1248 1860 1402 1913 hominum

834 1931 1012 1996 auctoritate,
1027 1929 1077 1995 qui
1089 1927 1297 1992 existimabant,
1311 1927 1405 1982 Crac-

833 1999 874 2052 cis
896 1997 1140 2052 exercitationibus
1165 1996 1207 2050 cli
1233 1995 1333 2050 melius
1355 1997 1404 2049 ia-

833 2067 917 2136 11111
932 2074 1035 2134 possc’.

866 2134 953 2201 pluro
981 2137 1145 2187 1111111111
1174 2162 1207 2170 -
1243 2130 1404 2185 besonders

835 2202 924 2254 durch
959 2201 1015 2256 den
1045 2199 1195 2254 Reichtum
1230 2198 1405 2267 lebendiger

834 2269 970 2390 {istim
990 2268 1048 2322 und
1068 2265 1310 2336 metaphorischer
1328 2267 1406 2321 Aus-

870 2343 904 2392 iic
925 2353 950 2391 e.

869 2411 894 2458 4.
917 2405 1054 2470 similiter,
1074 2403 1101 2457 (1.
1119 2403 1146 2460 h.
1165 2403 1225 2456 also
1244 2403 1353 2455 ornate.

869 2479 894 2526 5.
921 2491 939 2526 1
963 2472 1078 2526 Graecis
1102 2472 1216 2550 summis
1243 2470 1407 2549 doctor-ibas

837 2538 1407 2684 uu&ablactaberis

837 2693 909 2744 war,
939 2692 993 2729 von
1016 2675 1095 2729 Sulla
1118 2675 1162 2726 dre
1184 2673 1334 2727 llrlaubnrs
1358 2689 1407 2727 er·

836 2743 920 2809 hielt,
943 2759 994 2797 vor
1021 2744 1086 2798 dem
1108 2741 1194 2796 Senat
1220 2741 1279 2794 sich
1304 2739 1407 2796 seiner

836 2811 1059 2879 Mutterspraohs
1100 2811 1163 2879 (der
1201 2807 1404 2877 griechischen

837 2879 972 2948 Sprache)
990 2896 1024 2932 au
1041 2877 1188 2931 bedienen.

871 2953 896 3000 6.
931 2947 1078 3002 Tanaitas
1118 2945 1213 2998 Damit
1252 2943 1316 2996 sind
1351 2945 1405 2999 die

838 3014 941 3068 Creuel
964 3014 1013 3067 des
1031 3011 1234 3082 Biirgerkriegs
1257 3011 1325 3064 kura
1347 3028 1408 3067 vor

834 3083 893 3136 und
916 3082 1009 3150 gleich
1034 3081 1107 3134 nach
1130 3079 1222 3134 Sullas
1245 3079 1407 3133 Riickliehr

836 3165 886 3204 aus
904 3152 968 3204 dem
986 3148 1232 3203 mithridatiachen
1248 3146 1337 3215 Krieg
1350 3163 1407 3215 ge·

835 3219 936 3283 meint,
971 3217 1016 3271 die
1050 3216 1228 3284 Ermordung
1263 3215 1314 3268 der
1344 3218 1409 3270 Am·

835 3286 944 3354 h‘augcr
965 3285 1016 3337 der
1037 3283 1225 3338 schanischen
1245 3282 1342 3336 Partei
1374 3285 1408 3338 in

835 3353 908 3423 ltom
935 3352 1023 3405 durch
1051 3352 1237 3420 Damasippus
1264 3350 1323 3403 und
1353 3351 1408 3406 die

835 3411 946 3474 richtun
994 3418 1044 3473 der
1070 3420 1224 3481 Marianer,
1251 3419 1293 3472 als
1321 3418 1410 3474 Sulla

835 3487 941 3541 wieder
980 3503 1025 3540 err
1037 3488 1086 3542 der
1098 3488 1181 3542 Stadt
1193 3503 1260 3540 war.
1287 3485 1409 3542 Daher:
1483 3493 1484 3504 ¹

871 3560 894 3612 7,
902 3557 934 3609 ia
943 3556 1135 3623 recuperanda
1143 3554 1293 3622 republica
1305 3553 1336 3606 in
1349 3555 1409 3610 der

836 3623 897 3678 Zeit
909 3623 959 3676 des
973 3622 1043 3676 llam
1067 3623 1116 3689 fes,
1129 3622 1264 3676 wahrend
1276 3623 1410 3678 welcher

226 3689 277 3746 sod
307 3690 392 3744 etiam
422 3689 609 3759 exprimerem
644 3687 784 3756 quaedam
836 3691 914 3745 Sulla
932 3691 1020 3744 durch
1062 3691 1119 3744 esic
1141 3706 1197 3758 ung
1215 3689 1409 3762 1111111113-

225 3759 314 3814 verba
330 3756 480 3823 imitando,
503 3773 576 3826 quae
594 3772 668 3811 nova
684 3755 785 3809 nostris
836 3775 886 3814 ner
904 3758 964 3812 sich
982 3760 1039 3811 ersi
1055 3758 1107 3812 wie
1130 3775 1160 3812 er
1182 3759 1212 3810 in
1230 3758 1285 3811 den
1303 3757 1409 3814 Besitz

226 3828 328 3892 essent,
345 3824 496 3878 dummodo
510 3823 726 3879 essentidonea.
751 3823 785 3878 de
837 3827 888 3880 der
916 3825 1083 3880 Herrschaft
1116 3843 1150 3879 nu
1183 3826 1279 3880 setzen
1307 3825 1409 3888 hatte.

226 3894 273 3951 off.
287 3894 327 3948 Il
346 3897 378 3947 ut
394 3893 455 3962 ipse
474 3892 614 3947 admeam
633 3891 784 3946 utilitatem
836 3893 968 3948 Hernech
998 3894 1127 3961 dagegen
1156 3899 1323 3960 recuperate
1357 3912 1411 3952 res

225 3978 335 4032 semper
366 3977 429 4014 cum
457 3959 571 4016 Graecis
596 3959 696 4014 Latina
723 3973 785 4014 con·
832 3961 946 4030 publica
959 3961 1308 4030 dieWiederherstellung
1322 3963 1410 4020 eines

226 4030 306 4085 iunxi
317 4044 409 4097 neque
420 4027 451 4082 id
462 4028 491 4082 in
503 4027 682 4098 philosophia
694 4025 785 4080 solum
836 4029 1010 4096 georduetsn
1043 4029 1214 4097 politischen
1243 4029 1410 4087 Zustandes

225 4099 379 4154 sedetiam
401 4096 430 4150 in
455 4095 567 4151 dicendi
585 4093 785 4150 exercitatione
837 4096 925 4150 durch
958 4096 1003 4151 die
1034 4096 1200 4151 sullanische
1223 4097 1413 4170 Verfassung

225 4165 288 4222 feci.
320 4164 384 4235 Vgl.
405 4163 519 4219 Suetcn.
538 4163 572 4218 de
596 4161 662 4218 clar.
682 4161 752 4217 rhet.
772 4167 785 4216 1
837 4163 910 4218 nach
928 4164 1003 4219 ihrer
1019 4165 1198 4234 legislativen
1216 4164 1292 4218 Seite
1314 4166 1412 4222 iiber-

227 4233 323 4288 Cicero
342 4233 376 4286 ad
394 4233 557 4303 praeturam
576 4245 663 4298 usque
681 4231 787 4284 Graece
838 4231 928 4301 haupt
945 4233 1003 4285 und
1022 4232 1108 4286 deren
1120 4233 1316 4301 Bestimmung
1328 4235 1414 4292 iiber

227 4300 405 4369 declamavit,
423 4299 523 4356 Latine
536 4315 603 4356 vero
616 4297 709 4352 senior
722 4313 787 4366 quo·
839 4297 884 4353 die
903 4299 1099 4368 liechtspflege
1117 4301 1326 4355 insbesondere.
