<?xml version="1.0" encoding="UTF-8"?>
<!DOCTYPE html PUBLIC "-//W3C//DTD XHTML 1.0 Transitional//EN"
    "http://www.w3.org/TR/xhtml1/DTD/xhtml1-transitional.dtd">
<html xmlns="http://www.w3.org/1999/xhtml" xml:lang="en" lang="en">
 <head>
  <title>
</title>
<meta http-equiv="Content-Type" content="text/html;charset=utf-8" />
  <meta name='ocr-system' content='tesseract 3.04.00' />
  <meta name='ocr-capabilities' content='ocr_page ocr_carea ocr_par ocr_line ocrx_word'/>
</head>
<body>
  <div class='ocr_page' id='page_1' title='image "./cicerosbrutus00pidegoog_0148.png"; bbox 0 0 3050 4848; ppageno 0'>
   <div class='ocr_carea' id='block_1_1' title="bbox 191 218 911 290">
    <p class='ocr_par' dir='ltr' id='par_1_1' title="bbox 191 218 911 290">
     <span class='ocr_line' id='line_1_1' title="bbox 191 218 911 290; baseline -0.021 -2"><span class='ocrx_word' id='word_1_1' title='bbox 191 224 251 290; x_wconf 86' lang='grc'>136</span> <span class='ocrx_word' id='word_1_2' title='bbox 632 218 774 274; x_wconf 69' lang='lat' dir='ltr'>Bassus</span> <span class='ocrx_word' id='word_1_3' title='bbox 792 225 834 286; x_wconf 82' lang='lat' dir='ltr'>sa,</span> <span class='ocrx_word' id='word_1_4' title='bbox 854 225 911 274; x_wconf 76' lang='lat' dir='ltr'>rer.</span> 
     </span>
    </p>
   </div>
   <div class='ocr_carea' id='block_1_2' title="bbox 71 373 1404 1560">
    <p class='ocr_par' dir='ltr' id='par_1_2' title="bbox 189 373 1360 461">
     <span class='ocr_line' id='line_1_2' title="bbox 189 373 1360 461; baseline -0.002 -21"><span class='ocrx_word' id='word_1_5' title='bbox 189 376 413 461; x_wconf 76' lang='lat' dir='ltr'>pereleganter</span> <span class='ocrx_word' id='word_1_6' title='bbox 434 375 569 453; x_wconf 86' lang='lat' dir='ltr'>diceret,</span> <span class='ocrx_word' id='word_1_7' title='bbox 593 373 664 457; x_wconf 90' lang='lat' dir='ltr'>quis</span> <span class='ocrx_word' id='word_1_8' title='bbox 687 375 770 437; x_wconf 89' lang='lat' dir='ltr'>esset</span> <span class='ocrx_word' id='word_1_9' title='bbox 791 373 826 437; x_wconf 92' lang='lat' dir='ltr'>in</span> <span class='ocrx_word' id='word_1_10' title='bbox 845 374 982 457; x_wconf 89' lang='lat' dir='ltr'>populo,</span> <span class='ocrx_word' id='word_1_11' title='bbox 1006 375 1061 458; x_wconf 94' lang='lat' dir='ltr'>qui</span> <span class='ocrx_word' id='word_1_12' title='bbox 1084 377 1140 438; x_wconf 90' lang='lat' dir='ltr'>aut</span> <span class='ocrx_word' id='word_1_13' title='bbox 1162 376 1360 458; x_wconf 75' lang='lat' dir='ltr'>exspectaret</span> 
     </span>
    </p>

    <p class='ocr_par' dir='ltr' id='par_1_3' title="bbox 127 458 1360 544">
     <span class='ocr_line' id='line_1_3' title="bbox 127 458 1360 544; baseline -0.005 -16"><span class='ocrx_word' id='word_1_14' title='bbox 127 461 173 528; x_wconf 77' lang='lat'>53</span> <span class='ocrx_word' id='word_1_15' title='bbox 188 466 246 525; x_wconf 89' lang='lat' dir='ltr'>aut</span> <span class='ocrx_word' id='word_1_16' title='bbox 263 461 333 524; x_wconf 91' lang='lat' dir='ltr'>fieri</span> <span class='ocrx_word' id='word_1_17' title='bbox 354 481 448 544; x_wconf 90' lang='lat' dir='ltr'>posse</span> <span class='ocrx_word' id='word_1_18' title='bbox 470 458 642 544; x_wconf 89' lang='lat' dir='ltr'>quidquam</span> <span class='ocrx_word' id='word_1_19' title='bbox 665 458 778 522; x_wconf 90' lang='lat' dir='ltr'>melius</span> <span class='ocrx_word' id='word_1_20' title='bbox 807 459 959 541; x_wconf 80' lang='lat' dir='ltr'>putaret?</span> <span class='ocrx_word' id='word_1_21' title='bbox 1004 463 1049 524; x_wconf 85' lang='lat' dir='ltr'>At</span> <span class='ocrx_word' id='word_1_22' title='bbox 1067 480 1160 538; x_wconf 81' lang='lat' dir='ltr'>vero,</span> <span class='ocrx_word' id='word_1_23' title='bbox 1191 463 1360 524; x_wconf 88' lang='lat' dir='ltr'>utcontra</span> 
     </span>
    </p>

    <p class='ocr_par' dir='ltr' id='par_1_4' title="bbox 190 543 1358 638">
     <span class='ocr_line' id='line_1_4' title="bbox 190 543 1358 638; baseline -0.005 -26"><span class='ocrx_word' id='word_1_24' title='bbox 190 545 325 612; x_wconf 79' lang='lat' dir='ltr'>Crassus</span> <span class='ocrx_word' id='word_1_25' title='bbox 348 546 388 610; x_wconf 86' lang='lat' dir='ltr'>ab</span> <span class='ocrx_word' id='word_1_26' title='bbox 417 546 624 610; x_wconf 83' lang='lat' dir='ltr'>adulescente</span> <span class='ocrx_word' id='word_1_27' title='bbox 651 543 802 638; x_wconf 59' lang='lat' dir='ltr'>delicetp,</span> <span class='ocrx_word' id='word_1_28' title='bbox 831 543 886 626; x_wconf 92' lang='lat' dir='ltr'>qui</span> <span class='ocrx_word' id='word_1_29' title='bbox 912 544 1063 608; x_wconf 86' lang='lat' dir='ltr'>inlitora</span> <span class='ocrx_word' id='word_1_30' title='bbox 1093 544 1260 608; x_wconf 84' lang='lat' dir='ltr'>ambulans</span> <span class='ocrx_word' id='word_1_31' title='bbox 1283 543 1358 609; x_wconf 89' lang='lat' dir='ltr'>scal·</span> 
     </span>
    </p>

    <p class='ocr_par' dir='ltr' id='par_1_5' title="bbox 71 628 1389 797">
     <span class='ocr_line' id='line_1_5' title="bbox 107 628 1358 714; baseline -0.002 -19"><span class='ocrx_word' id='word_1_32' title='bbox 107 667 116 683; x_wconf 49' lang='lat' dir='ltr'>a</span> <span class='ocrx_word' id='word_1_33' title='bbox 189 653 276 695; x_wconf 91' lang='lat' dir='ltr'>mum</span> <span class='ocrx_word' id='word_1_34' title='bbox 298 631 493 714; x_wconf 86' lang='lat' dir='ltr'>repperisset</span> <span class='ocrx_word' id='word_1_35' title='bbox 513 629 553 692; x_wconf 96' lang='lat' dir='ltr'>ob</span> <span class='ocrx_word' id='word_1_36' title='bbox 570 649 702 712; x_wconf 86' lang='lat' dir='ltr'>eamque</span> <span class='ocrx_word' id='word_1_37' title='bbox 717 649 785 690; x_wconf 91' lang='lat' dir='ltr'>rem</span> <span class='ocrx_word' id='word_1_38' title='bbox 801 628 969 693; x_wconf 86' lang='lat' dir='ltr'>aedificare</span> <span class='ocrx_word' id='word_1_39' title='bbox 984 651 1099 694; x_wconf 90' lang='lat' dir='ltr'>navem</span> <span class='ocrx_word' id='word_1_40' title='bbox 1114 629 1358 712; x_wconf 84' lang='lat' dir='ltr'>concupivisset,</span> 
     </span>
     <span class='ocr_line' id='line_1_6' title="bbox 71 712 1389 797; baseline -0.005 -19"><span class='ocrx_word' id='word_1_41' title='bbox 71 721 76 735; x_wconf 64' lang='lat'><em>¹</em></span> <span class='ocrx_word' id='word_1_42' title='bbox 106 756 111 778; x_wconf 76' lang='lat'>‚</span> <span class='ocrx_word' id='word_1_43' title='bbox 189 736 321 780; x_wconf 84' lang='lat' dir='ltr'>exorsus</span> <span class='ocrx_word' id='word_1_44' title='bbox 336 719 393 793; x_wconf 88' lang='lat' dir='ltr'>est,</span> <span class='ocrx_word' id='word_1_45' title='bbox 409 715 557 779; x_wconf 89' lang='lat' dir='ltr'>similiter</span> <span class='ocrx_word' id='word_1_46' title='bbox 572 712 756 778; x_wconf 87' lang='lat' dir='ltr'>Scaevolam</span> <span class='ocrx_word' id='word_1_47' title='bbox 772 733 810 776; x_wconf 84' lang='lat' dir='ltr'>ex</span> <span class='ocrx_word' id='word_1_48' title='bbox 826 735 890 777; x_wconf 91' lang='lat' dir='ltr'>uno</span> <span class='ocrx_word' id='word_1_49' title='bbox 907 715 1027 778; x_wconf 87' lang='lat' dir='ltr'>scalmo</span> <span class='ocrx_word' id='word_1_50' title='bbox 1043 714 1203 797; x_wconf 89' lang='lat' dir='ltr'>captionis</span> <span class='ocrx_word' id='word_1_51' title='bbox 1218 717 1389 778; x_wconf 80' lang='lat' dir='ltr'>centum-s</span> 
     </span>
    </p>

    <p class='ocr_par' dir='ltr' id='par_1_6' title="bbox 189 796 1360 879">
     <span class='ocr_line' id='line_1_7' title="bbox 189 796 1360 879; baseline -0.002 -15"><span class='ocrx_word' id='word_1_52' title='bbox 189 800 290 865; x_wconf 88' lang='lat' dir='ltr'>virale</span> <span class='ocrx_word' id='word_1_53' title='bbox 311 799 464 864; x_wconf 89' lang='lat' dir='ltr'>iudicium</span> <span class='ocrx_word' id='word_1_54' title='bbox 486 798 671 862; x_wconf 84' lang='lat' dir='ltr'>hereditatis</span> <span class='ocrx_word' id='word_1_55' title='bbox 694 797 851 862; x_wconf 88' lang='lat' dir='ltr'>effecisse:</span> <span class='ocrx_word' id='word_1_56' title='bbox 880 796 940 862; x_wconf 93' lang='lat' dir='ltr'>hoc</span> <span class='ocrx_word' id='word_1_57' title='bbox 962 799 1017 862; x_wconf 89' lang='lat' dir='ltr'>illc</span> <span class='ocrx_word' id='word_1_58' title='bbox 1039 799 1148 879; x_wconf 75' lang='lat' dir='ltr'>inicio,</span> <span class='ocrx_word' id='word_1_59' title='bbox 1181 799 1360 863; x_wconf 85' lang='lat' dir='ltr'>consecutis</span> 
     </span>
    </p>

    <p class='ocr_par' dir='ltr' id='par_1_7' title="bbox 190 882 1360 968">
     <span class='ocr_line' id='line_1_8' title="bbox 190 882 1360 968; baseline -0.001 -21"><span class='ocrx_word' id='word_1_60' title='bbox 190 886 300 949; x_wconf 90' lang='lat' dir='ltr'>multis</span> <span class='ocrx_word' id='word_1_61' title='bbox 323 885 463 949; x_wconf 90' lang='lat' dir='ltr'>eiusdem</span> <span class='ocrx_word' id='word_1_62' title='bbox 478 883 608 968; x_wconf 84' lang='lat' dir='ltr'>generis</span> <span class='ocrx_word' id='word_1_63' title='bbox 623 883 808 967; x_wconf 85' lang='lat' dir='ltr'>sententiis,</span> <span class='ocrx_word' id='word_1_64' title='bbox 831 882 1004 948; x_wconf 85' lang='lat' dir='ltr'>delectavit</span> <span class='ocrx_word' id='word_1_65' title='bbox 1019 885 1205 967; x_wconf 89' lang='lat' dir='ltr'>animosque</span> <span class='ocrx_word' id='word_1_66' title='bbox 1220 883 1360 948; x_wconf 90' lang='lat' dir='ltr'>omnium</span> 
     </span>
    </p>

    <p class='ocr_par' dir='ltr' id='par_1_8' title="bbox 190 967 1361 1056">
     <span class='ocr_line' id='line_1_9' title="bbox 190 967 1361 1056; baseline 0 -24"><span class='ocrx_word' id='word_1_67' title='bbox 190 970 245 1053; x_wconf 92' lang='lat' dir='ltr'>qui</span> <span class='ocrx_word' id='word_1_68' title='bbox 267 969 401 1034; x_wconf 87' lang='lat' dir='ltr'>aderant</span> <span class='ocrx_word' id='word_1_69' title='bbox 421 971 457 1032; x_wconf 93' lang='lat' dir='ltr'>in</span> <span class='ocrx_word' id='word_1_70' title='bbox 479 968 676 1032; x_wconf 89' lang='lat' dir='ltr'>hilaritatem</span> <span class='ocrx_word' id='word_1_71' title='bbox 698 989 717 1030; x_wconf 91' lang='lat' dir='ltr'>a</span> <span class='ocrx_word' id='word_1_72' title='bbox 733 968 903 1032; x_wconf 89' lang='lat' dir='ltr'>severitate</span> <span class='ocrx_word' id='word_1_73' title='bbox 918 969 1073 1056; x_wconf 75' lang='lat' dir='ltr'>traduxit3</span> <span class='ocrx_word' id='word_1_74' title='bbox 1097 967 1182 1052; x_wconf 90' lang='lat' dir='ltr'>quod</span> <span class='ocrx_word' id='word_1_75' title='bbox 1201 970 1361 1034; x_wconf 84' lang='lat' dir='ltr'>estunam</span> 
     </span>
    </p>

    <p class='ocr_par' dir='ltr' id='par_1_9' title="bbox 190 1051 1404 1224">
     <span class='ocr_line' id='line_1_10' title="bbox 191 1051 1360 1137; baseline -0.001 -19"><span class='ocrx_word' id='word_1_76' title='bbox 191 1054 369 1132; x_wconf 82' lang='lat' dir='ltr'>extribus,</span> <span class='ocrx_word' id='word_1_77' title='bbox 393 1074 473 1137; x_wconf 91' lang='lat' dir='ltr'>quae</span> <span class='ocrx_word' id='word_1_78' title='bbox 496 1053 561 1117; x_wconf 85' lang='lat' dir='ltr'>dixi</span> <span class='ocrx_word' id='word_1_79' title='bbox 585 1053 625 1116; x_wconf 90' lang='lat' dir='ltr'>ab</span> <span class='ocrx_word' id='word_1_80' title='bbox 647 1056 773 1116; x_wconf 89' lang='lat' dir='ltr'>oratore</span> <span class='ocrx_word' id='word_1_81' title='bbox 796 1051 882 1116; x_wconf 85' lang='lat' dir='ltr'>effici</span> <span class='ocrx_word' id='word_1_82' title='bbox 905 1053 1028 1117; x_wconf 77' lang='lat' dir='ltr'>debere.</span> <span class='ocrx_word' id='word_1_83' title='bbox 1074 1053 1200 1117; x_wconf 87' lang='lat' dir='ltr'>Deinde</span> <span class='ocrx_word' id='word_1_84' title='bbox 1225 1053 1287 1117; x_wconf 93' lang='lat' dir='ltr'>hoc</span> <span class='ocrx_word' id='word_1_85' title='bbox 1307 1073 1360 1117; x_wconf 90' lang='lat' dir='ltr'>vo-</span> 
     </span>
     <span class='ocr_line' id='line_1_11' title="bbox 190 1137 1404 1224; baseline -0.002 -23"><span class='ocrx_word' id='word_1_86' title='bbox 190 1138 286 1202; x_wconf 88' lang='lat' dir='ltr'>luisse</span> <span class='ocrx_word' id='word_1_87' title='bbox 314 1160 403 1224; x_wconf 90' lang='lat' dir='ltr'>eum,</span> <span class='ocrx_word' id='word_1_88' title='bbox 431 1138 487 1222; x_wconf 90' lang='lat' dir='ltr'>qui</span> <span class='ocrx_word' id='word_1_89' title='bbox 513 1139 742 1202; x_wconf 86' lang='lat' dir='ltr'>testamentum</span> <span class='ocrx_word' id='word_1_90' title='bbox 771 1137 917 1219; x_wconf 84' lang='lat' dir='ltr'>fecisset,</span> <span class='ocrx_word' id='word_1_91' title='bbox 950 1138 1012 1202; x_wconf 89' lang='lat' dir='ltr'>hoc</span> <span class='ocrx_word' id='word_1_92' title='bbox 1045 1139 1198 1202; x_wconf 87' lang='lat' dir='ltr'>sensisse:</span> <span class='ocrx_word' id='word_1_93' title='bbox 1234 1159 1361 1222; x_wconf 84' lang='lat' dir='ltr'>quoquo</span> <span class='ocrx_word' id='word_1_94' title='bbox 1374 1156 1404 1199; x_wconf 80' lang='grc' dir='ltr'>ιο</span> 
     </span>
    </p>

    <p class='ocr_par' dir='ltr' id='par_1_10' title="bbox 190 1222 1363 1307">
     <span class='ocr_line' id='line_1_12' title="bbox 190 1222 1363 1307; baseline 0 -21"><span class='ocrx_word' id='word_1_95' title='bbox 190 1224 285 1286; x_wconf 89' lang='lat' dir='ltr'>modo</span> <span class='ocrx_word' id='word_1_96' title='bbox 306 1223 392 1287; x_wconf 91' lang='lat' dir='ltr'>filius</span> <span class='ocrx_word' id='word_1_97' title='bbox 414 1244 478 1287; x_wconf 92' lang='lat' dir='ltr'>non</span> <span class='ocrx_word' id='word_1_98' title='bbox 504 1227 604 1305; x_wconf 85' lang='lat' dir='ltr'>esset,</span> <span class='ocrx_word' id='word_1_99' title='bbox 632 1222 688 1307; x_wconf 92' lang='lat' dir='ltr'>qui</span> <span class='ocrx_word' id='word_1_100' title='bbox 714 1222 860 1286; x_wconf 89' lang='lat' dir='ltr'>insuam</span> <span class='ocrx_word' id='word_1_101' title='bbox 884 1222 1018 1287; x_wconf 89' lang='lat' dir='ltr'>tutelam</span> <span class='ocrx_word' id='word_1_102' title='bbox 1041 1223 1178 1307; x_wconf 90' lang='lat' dir='ltr'>veniret,</span> <span class='ocrx_word' id='word_1_103' title='bbox 1206 1223 1274 1287; x_wconf 92' lang='lat' dir='ltr'>sive</span> <span class='ocrx_word' id='word_1_104' title='bbox 1296 1243 1363 1286; x_wconf 92' lang='lat' dir='ltr'>non</span> 
     </span>
    </p>

    <p class='ocr_par' dir='ltr' id='par_1_11' title="bbox 190 1305 1363 1391">
     <span class='ocr_line' id='line_1_13' title="bbox 190 1305 1363 1391; baseline 0 -20"><span class='ocrx_word' id='word_1_105' title='bbox 190 1309 286 1372; x_wconf 90' lang='lat' dir='ltr'>natus</span> <span class='ocrx_word' id='word_1_106' title='bbox 307 1308 374 1372; x_wconf 91' lang='lat' dir='ltr'>sive</span> <span class='ocrx_word' id='word_1_107' title='bbox 396 1310 471 1372; x_wconf 87' lang='lat' dir='ltr'>ante</span> <span class='ocrx_word' id='word_1_108' title='bbox 486 1311 642 1387; x_wconf 88' lang='lat' dir='ltr'>mortuus,</span> <span class='ocrx_word' id='word_1_109' title='bbox 665 1305 780 1372; x_wconf 83' lang='lat' dir='ltr'>Curius</span> <span class='ocrx_word' id='word_1_110' title='bbox 796 1308 887 1371; x_wconf 90' lang='lat' dir='ltr'>heres</span> <span class='ocrx_word' id='word_1_111' title='bbox 903 1311 939 1370; x_wconf 90' lang='lat' dir='ltr'>ut</span> <span class='ocrx_word' id='word_1_112' title='bbox 954 1311 1054 1391; x_wconf 81' lang='lat' dir='ltr'>esset3</span> <span class='ocrx_word' id='word_1_113' title='bbox 1077 1308 1123 1371; x_wconf 90' lang='lat' dir='ltr'>ita</span> <span class='ocrx_word' id='word_1_114' title='bbox 1146 1308 1283 1372; x_wconf 90' lang='lat' dir='ltr'>scribere</span> <span class='ocrx_word' id='word_1_115' title='bbox 1299 1307 1363 1390; x_wconf 89' lang='lat' dir='ltr'>ple·</span> 
     </span>
    </p>

    <p class='ocr_par' dir='ltr' id='par_1_12' title="bbox 192 1391 1364 1476">
     <span class='ocr_line' id='line_1_14' title="bbox 192 1391 1364 1476; baseline -0.001 -21"><span class='ocrx_word' id='word_1_116' title='bbox 192 1412 308 1476; x_wconf 89' lang='lat' dir='ltr'>rosque</span> <span class='ocrx_word' id='word_1_117' title='bbox 330 1396 363 1456; x_wconf 88' lang='lat' dir='ltr'>et</span> <span class='ocrx_word' id='word_1_118' title='bbox 385 1393 417 1456; x_wconf 91' lang='lat' dir='ltr'>id</span> <span class='ocrx_word' id='word_1_119' title='bbox 439 1391 544 1457; x_wconf 88' lang='lat' dir='ltr'>valere</span> <span class='ocrx_word' id='word_1_120' title='bbox 567 1394 600 1455; x_wconf 88' lang='lat' dir='ltr'>et</span> <span class='ocrx_word' id='word_1_121' title='bbox 621 1391 759 1455; x_wconf 89' lang='lat' dir='ltr'>valuisse</span> <span class='ocrx_word' id='word_1_122' title='bbox 774 1413 907 1475; x_wconf 88' lang='lat' dir='ltr'>semper.</span> <span class='ocrx_word' id='word_1_123' title='bbox 938 1391 1029 1456; x_wconf 89' lang='lat' dir='ltr'>Haec</span> <span class='ocrx_word' id='word_1_124' title='bbox 1044 1398 1077 1456; x_wconf 92' lang='lat' dir='ltr'>et</span> <span class='ocrx_word' id='word_1_125' title='bbox 1091 1393 1193 1457; x_wconf 89' lang='lat' dir='ltr'>multa</span> <span class='ocrx_word' id='word_1_126' title='bbox 1208 1392 1364 1460; x_wconf 87' lang='lat' dir='ltr'>eiusmodi</span> 
     </span>
    </p>

    <p class='ocr_par' dir='ltr' id='par_1_13' title="bbox 191 1476 1363 1560">
     <span class='ocr_line' id='line_1_15' title="bbox 191 1476 1363 1560; baseline 0 -20"><span class='ocrx_word' id='word_1_127' title='bbox 191 1477 301 1541; x_wconf 89' lang='lat' dir='ltr'>dicens</span> <span class='ocrx_word' id='word_1_128' title='bbox 315 1478 411 1542; x_wconf 89' lang='lat' dir='ltr'>fidem</span> <span class='ocrx_word' id='word_1_129' title='bbox 425 1476 581 1558; x_wconf 84' lang='lat' dir='ltr'>faciebat3</span> <span class='ocrx_word' id='word_1_130' title='bbox 600 1476 685 1560; x_wconf 88' lang='lat' dir='ltr'>quod</span> <span class='ocrx_word' id='word_1_131' title='bbox 701 1478 750 1540; x_wconf 90' lang='lat' dir='ltr'>est</span> <span class='ocrx_word' id='word_1_132' title='bbox 764 1497 803 1540; x_wconf 86' lang='lat' dir='ltr'>cx</span> <span class='ocrx_word' id='word_1_133' title='bbox 817 1477 920 1540; x_wconf 91' lang='lat' dir='ltr'>tribus</span> <span class='ocrx_word' id='word_1_134' title='bbox 935 1477 1071 1541; x_wconf 89' lang='lat' dir='ltr'>oratoris</span> <span class='ocrx_word' id='word_1_135' title='bbox 1087 1477 1202 1543; x_wconf 84' lang='lat' dir='ltr'>officiis</span> <span class='ocrx_word' id='word_1_136' title='bbox 1218 1478 1363 1541; x_wconf 87' lang='lat' dir='ltr'>alterum.</span> 
     </span>
    </p>
   </div>
   <div class='ocr_carea' id='block_1_3' title="bbox 190 1641 1437 4355">
    <p class='ocr_par' dir='ltr' id='par_1_14' title="bbox 190 1641 1367 1836">
     <span class='ocr_line' id='line_1_16' title="bbox 190 1641 1366 1714; baseline 0 -16"><span class='ocrx_word' id='word_1_137' title='bbox 190 1645 273 1699; x_wconf 85' lang='lat' dir='ltr'>stand</span> <span class='ocrx_word' id='word_1_138' title='bbox 291 1645 349 1698; x_wconf 91' lang='lat' dir='ltr'>und</span> <span class='ocrx_word' id='word_1_139' title='bbox 366 1644 570 1699; x_wconf 84' lang='lat' dir='ltr'>Sechkenntnis</span> <span class='ocrx_word' id='word_1_140' title='bbox 592 1641 754 1713; x_wconf 78' lang='grc' dir='ltr'><strong><em>(ἐπισταμέ-</em></strong></span> <span class='ocrx_word' id='word_1_141' title='bbox 804 1644 863 1698; x_wconf 92' lang='lat' dir='ltr'>ihm</span> <span class='ocrx_word' id='word_1_142' title='bbox 887 1644 971 1698; x_wconf 84' lang='lat' dir='ltr'>heina</span> <span class='ocrx_word' id='word_1_143' title='bbox 993 1645 1086 1712; x_wconf 87' lang='lat' dir='ltr'>Ruhe,</span> <span class='ocrx_word' id='word_1_144' title='bbox 1108 1662 1158 1699; x_wconf 84' lang='lat' dir='ltr'>zur</span> <span class='ocrx_word' id='word_1_145' title='bbox 1177 1646 1366 1714; x_wconf 82' lang='lat' dir='ltr'>Vervvertung</span> 
     </span>
     <span class='ocr_line' id='line_1_17' title="bbox 191 1712 1367 1783; baseline 0.001 -18"><span class='ocrx_word' id='word_1_146' title='bbox 191 1732 246 1775; x_wconf 80' lang='grc' dir='ltr'>νας</span> <span class='ocrx_word' id='word_1_147' title='bbox 266 1717 335 1780; x_wconf 84' lang='grc'>199).</span> <span class='ocrx_word' id='word_1_148' title='bbox 804 1713 854 1766; x_wconf 83' lang='lat' dir='ltr'>des</span> <span class='ocrx_word' id='word_1_149' title='bbox 866 1712 1045 1778; x_wconf 76' lang='lat' dir='ltr'>gesundenen</span> <span class='ocrx_word' id='word_1_150' title='bbox 1056 1730 1114 1766; x_wconf 91' lang='lat' dir='ltr'>nun</span> <span class='ocrx_word' id='word_1_151' title='bbox 1123 1714 1196 1768; x_wconf 89' lang='lat' dir='ltr'>auch</span> <span class='ocrx_word' id='word_1_152' title='bbox 1207 1714 1252 1767; x_wconf 90' lang='lat' dir='ltr'>ein</span> <span class='ocrx_word' id='word_1_153' title='bbox 1264 1729 1367 1783; x_wconf 83' lang='lat' dir='ltr'>ganzes</span> 
     </span>
     <span class='ocr_line' id='line_1_18' title="bbox 226 1779 1064 1836; baseline 0.001 -2"><span class='ocrx_word' id='word_1_154' title='bbox 226 1781 291 1836; x_wconf 80' lang='lat' dir='ltr'>item</span> <span class='ocrx_word' id='word_1_155' title='bbox 309 1797 330 1834; x_wconf 89' lang='lat' dir='ltr'>s.</span> <span class='ocrx_word' id='word_1_156' title='bbox 349 1780 375 1834; x_wconf 92' lang='lat' dir='ltr'>d.</span> <span class='ocrx_word' id='word_1_157' title='bbox 394 1780 459 1833; x_wconf 87' lang='lat' dir='ltr'>krit.</span> <span class='ocrx_word' id='word_1_158' title='bbox 477 1779 549 1833; x_wconf 85' lang='lat' dir='ltr'>Aah.</span> <span class='ocrx_word' id='word_1_159' title='bbox 804 1779 893 1833; x_wconf 83' lang='lat' dir='ltr'>Sohiff</span> <span class='ocrx_word' id='word_1_160' title='bbox 908 1798 943 1833; x_wconf 82' lang='lat' dir='ltr'>au</span> <span class='ocrx_word' id='word_1_161' title='bbox 961 1781 1064 1836; x_wconf 83' lang='lat' dir='ltr'>bauan.</span> 
     </span>
    </p>

    <p class='ocr_par' dir='ltr' id='par_1_15' title="bbox 191 1846 1369 2594">
     <span class='ocr_line' id='line_1_19' title="bbox 226 1846 1366 1916; baseline 0.002 -16"><span class='ocrx_word' id='word_1_162' title='bbox 226 1855 250 1902; x_wconf 79' lang='lat'>2.</span> <span class='ocrx_word' id='word_1_163' title='bbox 273 1849 312 1902; x_wconf 80' lang='lat' dir='ltr'>Ar</span> <span class='ocrx_word' id='word_1_164' title='bbox 329 1862 392 1902; x_wconf 84' lang='lat' dir='ltr'>cero</span> <span class='ocrx_word' id='word_1_165' title='bbox 412 1853 452 1914; x_wconf 90' lang='lat'>18,</span> <span class='ocrx_word' id='word_1_166' title='bbox 473 1853 521 1901; x_wconf 86' lang='grc'>198</span> <span class='ocrx_word' id='word_1_167' title='bbox 540 1848 570 1901; x_wconf 86' lang='lat' dir='ltr'>et</span> <span class='ocrx_word' id='word_1_168' title='bbox 587 1863 653 1901; x_wconf 89' lang='lat' dir='ltr'>vero</span> <span class='ocrx_word' id='word_1_169' title='bbox 670 1846 753 1901; x_wconf 90' lang='lat' dir='ltr'>intel·</span> <span class='ocrx_word' id='word_1_170' title='bbox 839 1853 864 1907; x_wconf 84' lang='lat'>5.</span> <span class='ocrx_word' id='word_1_171' title='bbox 891 1864 925 1902; x_wconf 75' lang='lat' dir='ltr'>ere</span> <span class='ocrx_word' id='word_1_172' title='bbox 946 1862 1003 1903; x_wconf 78' lang='lat' dir='ltr'>urso</span> <span class='ocrx_word' id='word_1_173' title='bbox 1026 1849 1128 1903; x_wconf 84' lang='lat' dir='ltr'>scalmo</span> <span class='ocrx_word' id='word_1_174' title='bbox 1145 1849 1289 1916; x_wconf 72' lang='lat' dir='ltr'>captionis</span> <span class='ocrx_word' id='word_1_175' title='bbox 1314 1864 1366 1902; x_wconf 90' lang='lat' dir='ltr'>aus</span> 
     </span>
     <span class='ocr_line' id='line_1_20' title="bbox 191 1914 1366 1984; baseline 0 -15"><span class='ocrx_word' id='word_1_176' title='bbox 191 1914 289 1984; x_wconf 83' lang='lat' dir='ltr'>legens</span> <span class='ocrx_word' id='word_1_177' title='bbox 308 1918 361 1971; x_wconf 90' lang='lat' dir='ltr'>etc.</span> <span class='ocrx_word' id='word_1_178' title='bbox 375 1915 478 1969; x_wconf 87' lang='lat' dir='ltr'>—Der</span> <span class='ocrx_word' id='word_1_179' title='bbox 494 1914 601 1982; x_wconf 78' lang='lat' dir='ltr'>Grund,</span> <span class='ocrx_word' id='word_1_180' title='bbox 620 1932 669 1970; x_wconf 88' lang='lat' dir='ltr'>aus</span> <span class='ocrx_word' id='word_1_181' title='bbox 687 1915 753 1969; x_wconf 90' lang='lat' dir='ltr'>dem</span> <span class='ocrx_word' id='word_1_182' title='bbox 804 1914 869 1969; x_wconf 90' lang='lat' dir='ltr'>dem</span> <span class='ocrx_word' id='word_1_183' title='bbox 887 1916 968 1970; x_wconf 90' lang='lat' dir='ltr'>einen</span> <span class='ocrx_word' id='word_1_184' title='bbox 987 1916 1146 1970; x_wconf 75' lang='lat' dir='ltr'>Stiiclrcheu</span> <span class='ocrx_word' id='word_1_185' title='bbox 1158 1916 1230 1969; x_wconf 84' lang='lat' dir='ltr'>Hola</span> <span class='ocrx_word' id='word_1_186' title='bbox 1249 1917 1299 1970; x_wconf 90' lang='lat' dir='ltr'>der</span> <span class='ocrx_word' id='word_1_187' title='bbox 1312 1914 1366 1969; x_wconf 84' lang='lat' dir='ltr'>Ge-</span> 
     </span>
     <span class='ocr_line' id='line_1_21' title="bbox 194 1982 1364 2048; baseline 0.001 -12"><span class='ocrx_word' id='word_1_188' title='bbox 194 1982 308 2037; x_wconf 83' lang='lat' dir='ltr'>Grassus</span> <span class='ocrx_word' id='word_1_189' title='bbox 338 1984 430 2037; x_wconf 88' lang='lat' dir='ltr'>dieses</span> <span class='ocrx_word' id='word_1_190' title='bbox 464 1983 610 2037; x_wconf 80' lang='lat' dir='ltr'>exordium</span> <span class='ocrx_word' id='word_1_191' title='bbox 638 1982 752 2047; x_wconf 79' lang='lat' dir='ltr'>wanlia,</span> <span class='ocrx_word' id='word_1_192' title='bbox 802 1983 986 2037; x_wconf 69' lang='lat' dir='ltr'>fdhrlichlreit</span> <span class='ocrx_word' id='word_1_193' title='bbox 1005 1983 1042 2048; x_wconf 89' lang='lat' dir='ltr'>(d.</span> <span class='ocrx_word' id='word_1_194' title='bbox 1055 1983 1081 2037; x_wconf 94' lang='lat' dir='ltr'>h.</span> <span class='ocrx_word' id='word_1_195' title='bbox 1096 1984 1223 2038; x_wconf 84' lang='lat' dir='ltr'>eusdem</span> <span class='ocrx_word' id='word_1_196' title='bbox 1236 1983 1364 2037; x_wconf 80' lang='lat' dir='ltr'>abstrah-</span> 
     </span>
     <span class='ocr_line' id='line_1_22' title="bbox 192 2049 1366 2121; baseline -0.001 -17"><span class='ocrx_word' id='word_1_197' title='bbox 192 2051 321 2106; x_wconf 80' lang='lat' dir='ltr'>varein</span> <span class='ocrx_word' id='word_1_198' title='bbox 344 2051 504 2115; x_wconf 71' lang='lat' dir='ltr'>ahnlicher‚</span> <span class='ocrx_word' id='word_1_199' title='bbox 531 2051 586 2105; x_wconf 82' lang='lat' dir='ltr'>wie</span> <span class='ocrx_word' id='word_1_200' title='bbox 613 2051 676 2119; x_wconf 89' lang='lat' dir='ltr'>der,</span> <span class='ocrx_word' id='word_1_201' title='bbox 703 2067 753 2104; x_wconf 91' lang='lat' dir='ltr'>aus</span> <span class='ocrx_word' id='word_1_202' title='bbox 804 2052 853 2104; x_wconf 87' lang='lat' dir='ltr'>ten</span> <span class='ocrx_word' id='word_1_203' title='bbox 869 2049 1033 2118; x_wconf 63' lang='lat' dir='ltr'>(dedentem</span> <span class='ocrx_word' id='word_1_204' title='bbox 1046 2052 1099 2106; x_wconf 83' lang='lat' dir='ltr'>wie</span> <span class='ocrx_word' id='word_1_205' title='bbox 1113 2052 1159 2106; x_wconf 88' lang='lat' dir='ltr'>ein</span> <span class='ocrx_word' id='word_1_206' title='bbox 1176 2050 1366 2121; x_wconf 79' lang='lat' dir='ltr'>gafahrlicher</span> 
     </span>
     <span class='ocr_line' id='line_1_23' title="bbox 192 2117 1366 2188; baseline 0 -16"><span class='ocrx_word' id='word_1_207' title='bbox 192 2119 258 2172; x_wconf 91' lang='lat' dir='ltr'>dem</span> <span class='ocrx_word' id='word_1_208' title='bbox 277 2135 308 2173; x_wconf 91' lang='lat' dir='ltr'>er</span> <span class='ocrx_word' id='word_1_209' title='bbox 325 2119 354 2173; x_wconf 90' lang='lat' dir='ltr'>in</span> <span class='ocrx_word' id='word_1_210' title='bbox 375 2120 467 2173; x_wconf 88' lang='lat' dir='ltr'>seiner</span> <span class='ocrx_word' id='word_1_211' title='bbox 484 2117 562 2172; x_wconf 85' lang='lat' dir='ltr'>Rode</span> <span class='ocrx_word' id='word_1_212' title='bbox 582 2124 620 2188; x_wconf 81' lang='lat' dir='ltr'>&#39;ge</span> <span class='ocrx_word' id='word_1_213' title='bbox 643 2136 678 2174; x_wconf 92' lang='lat' dir='ltr'>en</span> <span class='ocrx_word' id='word_1_214' title='bbox 696 2119 752 2171; x_wconf 93' lang='lat' dir='ltr'>Do·</span> <span class='ocrx_word' id='word_1_215' title='bbox 805 2117 962 2172; x_wconf 84' lang='lat' dir='ltr'>Grundsatz</span> <span class='ocrx_word' id='word_1_216' title='bbox 985 2135 1014 2172; x_wconf 87' lang='lat' dir='ltr'>cs</span> <span class='ocrx_word' id='word_1_217' title='bbox 1037 2119 1077 2172; x_wconf 90' lang='lat' dir='ltr'>sei</span> <span class='ocrx_word' id='word_1_218' title='bbox 1099 2119 1158 2172; x_wconf 90' lang='lat' dir='ltr'>und</span> <span class='ocrx_word' id='word_1_219' title='bbox 1181 2119 1226 2173; x_wconf 89' lang='lat' dir='ltr'>ein</span> <span class='ocrx_word' id='word_1_220' title='bbox 1246 2119 1300 2172; x_wconf 87' lang='lat' dir='ltr'>wic</span> <span class='ocrx_word' id='word_1_221' title='bbox 1316 2119 1366 2172; x_wconf 90' lang='lat' dir='ltr'>be-</span> 
     </span>
     <span class='ocr_line' id='line_1_24' title="bbox 192 2186 1365 2255; baseline -0.001 -16"><span class='ocrx_word' id='word_1_222' title='bbox 192 2187 290 2240; x_wconf 91' lang='lat' dir='ltr'>mitius</span> <span class='ocrx_word' id='word_1_223' title='bbox 308 2188 364 2240; x_wconf 88' lang='lat' dir='ltr'>den</span> <span class='ocrx_word' id='word_1_224' title='bbox 380 2186 614 2241; x_wconf 90' lang='lat' dir='ltr'>humoristischen</span> <span class='ocrx_word' id='word_1_225' title='bbox 652 2203 688 2240; x_wconf 95' lang='lat' dir='ltr'>on</span> <span class='ocrx_word' id='word_1_226' title='bbox 704 2202 752 2240; x_wconf 87' lang='lat' dir='ltr'>an-</span> <span class='ocrx_word' id='word_1_227' title='bbox 805 2186 967 2240; x_wconf 84' lang='lat' dir='ltr'>denkliohes</span> <span class='ocrx_word' id='word_1_228' title='bbox 996 2186 1128 2255; x_wconf 80' lang='lat' dir='ltr'>Prajuuiz</span> <span class='ocrx_word' id='word_1_229' title='bbox 1163 2187 1208 2240; x_wconf 79' lang='lat' dir='ltr'>fiir</span> <span class='ocrx_word' id='word_1_230' title='bbox 1237 2186 1283 2240; x_wconf 88' lang='lat' dir='ltr'>die</span> <span class='ocrx_word' id='word_1_231' title='bbox 1312 2186 1365 2239; x_wconf 90' lang='lat' dir='ltr'>Zu-</span> 
     </span>
     <span class='ocr_line' id='line_1_25' title="bbox 192 2253 1369 2375; baseline -0.001 -68"><span class='ocrx_word' id='word_1_232' title='bbox 192 2253 304 2322; x_wconf 85' lang='lat' dir='ltr'>schlug:</span> <span class='ocrx_word' id='word_1_233' title='bbox 322 2256 404 2308; x_wconf 84' lang='lat' dir='ltr'>tanta</span> <span class='ocrx_word' id='word_1_234' title='bbox 420 2255 450 2306; x_wconf 93' lang='lat' dir='ltr'>in</span> <span class='ocrx_word' id='word_1_235' title='bbox 467 2253 501 2306; x_wconf 90' lang='lat' dir='ltr'>D.</span> <span class='ocrx_word' id='word_1_236' title='bbox 520 2254 593 2331; x_wconf 79' lang='lat' dir='ltr'>(hier</span> <span class='ocrx_word' id='word_1_237' title='bbox 604 2253 753 2375; x_wconf 42' lang='lat' dir='ltr'>Scaevola}</span> <span class='ocrx_word' id='word_1_238' title='bbox 804 2253 900 2321; x_wconf 81' lang='lat' dir='ltr'>kunst,</span> <span class='ocrx_word' id='word_1_239' title='bbox 925 2269 962 2307; x_wconf 87' lang='lat' dir='ltr'>an</span> <span class='ocrx_word' id='word_1_240' title='bbox 979 2254 1066 2308; x_wconf 83' lang='lat' dir='ltr'>Stella</span> <span class='ocrx_word' id='word_1_241' title='bbox 1090 2255 1139 2308; x_wconf 89' lang='lat' dir='ltr'>des</span> <span class='ocrx_word' id='word_1_242' title='bbox 1156 2253 1315 2309; x_wconf 88' lang='lat' dir='ltr'>Wortlaute</span> <span class='ocrx_word' id='word_1_243' title='bbox 1335 2255 1369 2306; x_wconf 89' lang='lat' dir='ltr'>in</span> 
     </span>
     <span class='ocr_line' id='line_1_26' title="bbox 192 2321 1365 2391; baseline 0.001 -17"><span class='ocrx_word' id='word_1_244' title='bbox 192 2321 327 2391; x_wconf 83' lang='lat' dir='ltr'>gravitas,</span> <span class='ocrx_word' id='word_1_245' title='bbox 344 2322 427 2375; x_wconf 88' lang='lat' dir='ltr'>tanta</span> <span class='ocrx_word' id='word_1_246' title='bbox 444 2323 610 2388; x_wconf 69' lang='lat' dir='ltr'>auctorum,</span> <span class='ocrx_word' id='word_1_247' title='bbox 627 2327 660 2376; x_wconf 91' lang='lat' dir='ltr'>ut</span> <span class='ocrx_word' id='word_1_248' title='bbox 676 2338 732 2390; x_wconf 87' lang='lat' dir='ltr'>quo</span> <span class='ocrx_word' id='word_1_249' title='bbox 804 2321 959 2374; x_wconf 81' lang='lat' dir='ltr'>Urlrunden</span> <span class='ocrx_word' id='word_1_250' title='bbox 986 2323 1043 2375; x_wconf 90' lang='lat' dir='ltr'>und</span> <span class='ocrx_word' id='word_1_251' title='bbox 1066 2323 1201 2376; x_wconf 82' lang='lat' dir='ltr'>Gesetzeu</span> <span class='ocrx_word' id='word_1_252' title='bbox 1228 2321 1273 2375; x_wconf 91' lang='lat' dir='ltr'>die</span> <span class='ocrx_word' id='word_1_253' title='bbox 1302 2321 1365 2375; x_wconf 93' lang='lat' dir='ltr'>sub·</span> 
     </span>
     <span class='ocr_line' id='line_1_27' title="bbox 193 2387 1366 2458; baseline 0.001 -16"><span class='ocrx_word' id='word_1_254' title='bbox 193 2391 266 2443; x_wconf 91' lang='lat' dir='ltr'>esset</span> <span class='ocrx_word' id='word_1_255' title='bbox 284 2389 320 2443; x_wconf 87' lang='lat' dir='ltr'>ab</span> <span class='ocrx_word' id='word_1_256' title='bbox 339 2405 372 2443; x_wconf 94' lang='lat' dir='ltr'>eo</span> <span class='ocrx_word' id='word_1_257' title='bbox 391 2388 533 2443; x_wconf 88' lang='lat' dir='ltr'>obiectum</span> <span class='ocrx_word' id='word_1_258' title='bbox 550 2388 577 2442; x_wconf 90' lang='lat' dir='ltr'>le</span> <span class='ocrx_word' id='word_1_259' title='bbox 601 2404 648 2444; x_wconf 91' lang='lat' dir='ltr'>ore</span> <span class='ocrx_word' id='word_1_260' title='bbox 662 2390 753 2458; x_wconf 81' lang='lat' dir='ltr'>magis</span> <span class='ocrx_word' id='word_1_261' title='bbox 800 2387 910 2458; x_wconf 88' lang='lat' dir='ltr'>jektive</span> <span class='ocrx_word' id='word_1_262' title='bbox 940 2389 1058 2444; x_wconf 86' lang='lat' dir='ltr'>Ansicht</span> <span class='ocrx_word' id='word_1_263' title='bbox 1091 2408 1125 2443; x_wconf 84' lang='lat' dir='ltr'>au</span> <span class='ocrx_word' id='word_1_264' title='bbox 1151 2390 1255 2457; x_wconf 84' lang='lat' dir='ltr'>setzen)</span> <span class='ocrx_word' id='word_1_265' title='bbox 1290 2390 1366 2444; x_wconf 88' lang='lat' dir='ltr'>habe</span> 
     </span>
     <span class='ocr_line' id='line_1_28' title="bbox 192 2456 1367 2526; baseline 0.001 -16"><span class='ocrx_word' id='word_1_266' title='bbox 192 2456 357 2524; x_wconf 88' lang='lat' dir='ltr'>levandum,</span> <span class='ocrx_word' id='word_1_267' title='bbox 377 2472 463 2524; x_wconf 89' lang='lat' dir='ltr'>quam</span> <span class='ocrx_word' id='word_1_268' title='bbox 481 2458 581 2510; x_wconf 89' lang='lat' dir='ltr'>conten</span> <span class='ocrx_word' id='word_1_269' title='bbox 598 2459 660 2512; x_wconf 90' lang='lat' dir='ltr'>&#39;one</span> <span class='ocrx_word' id='word_1_270' title='bbox 678 2457 753 2510; x_wconf 86' lang='lat' dir='ltr'>fran-</span> <span class='ocrx_word' id='word_1_271' title='bbox 805 2456 941 2510; x_wconf 81' lang='lat' dir='ltr'>Scaevola</span> <span class='ocrx_word' id='word_1_272' title='bbox 963 2457 1008 2510; x_wconf 89' lang='lat' dir='ltr'>ein</span> <span class='ocrx_word' id='word_1_273' title='bbox 1035 2473 1136 2526; x_wconf 82' lang='lat' dir='ltr'>ganzes</span> <span class='ocrx_word' id='word_1_274' title='bbox 1162 2457 1367 2512; x_wconf 83' lang='lat' dir='ltr'>Zentumviral-</span> 
     </span>
     <span class='ocr_line' id='line_1_29' title="bbox 193 2523 1366 2594; baseline 0 -16"><span class='ocrx_word' id='word_1_275' title='bbox 193 2525 316 2594; x_wconf 82' lang='lat' dir='ltr'>gendum</span> <span class='ocrx_word' id='word_1_276' title='bbox 335 2525 480 2578; x_wconf 88' lang='lat' dir='ltr'>videretur</span> <span class='ocrx_word' id='word_1_277' title='bbox 497 2523 544 2589; x_wconf 90' lang='lat' dir='ltr'>(de</span> <span class='ocrx_word' id='word_1_278' title='bbox 557 2524 720 2588; x_wconf 78' lang='lat' dir='ltr'>or.11230).</span> <span class='ocrx_word' id='word_1_279' title='bbox 805 2523 1081 2592; x_wconf 78' lang='lat' dir='ltr'>Erbschaftsgericht</span> <span class='ocrx_word' id='word_1_280' title='bbox 1099 2525 1277 2594; x_wconf 82' lang='lat' dir='ltr'>geaimmert,</span> <span class='ocrx_word' id='word_1_281' title='bbox 1296 2525 1323 2583; x_wconf 86' lang='lat' dir='ltr'>d.</span> <span class='ocrx_word' id='word_1_282' title='bbox 1338 2525 1366 2578; x_wconf 95' lang='lat' dir='ltr'>h.</span> 
     </span>
    </p>

    <p class='ocr_par' dir='ltr' id='par_1_16' title="bbox 192 2591 1370 3204">
     <span class='ocr_line' id='line_1_30' title="bbox 227 2591 1368 2647; baseline 0 -2"><span class='ocrx_word' id='word_1_283' title='bbox 227 2599 252 2647; x_wconf 89' lang='lat'>3.</span> <span class='ocrx_word' id='word_1_284' title='bbox 267 2591 753 2647; x_wconf 80' lang='lat' dir='ltr'>abadulesocutcdelicato—einem</span> <span class='ocrx_word' id='word_1_285' title='bbox 806 2591 879 2647; x_wconf 90' lang='lat' dir='ltr'>ohne</span> <span class='ocrx_word' id='word_1_286' title='bbox 905 2591 983 2645; x_wconf 84' lang='lat' dir='ltr'>Bild=</span> <span class='ocrx_word' id='word_1_287' title='bbox 1014 2609 1049 2646; x_wconf 94' lang='lat' dir='ltr'>an</span> <span class='ocrx_word' id='word_1_288' title='bbox 1081 2592 1136 2646; x_wconf 91' lang='lat' dir='ltr'>den</span> <span class='ocrx_word' id='word_1_289' title='bbox 1162 2592 1244 2646; x_wconf 89' lang='lat' dir='ltr'>einen</span> <span class='ocrx_word' id='word_1_290' title='bbox 1272 2593 1368 2646; x_wconf 86' lang='lat' dir='ltr'>Punkt</span> 
     </span>
     <span class='ocr_line' id='line_1_31' title="bbox 192 2659 1368 2728; baseline 0 -14"><span class='ocrx_word' id='word_1_291' title='bbox 192 2675 376 2728; x_wconf 75' lang='lat' dir='ltr'>verzogenen</span> <span class='ocrx_word' id='word_1_292' title='bbox 396 2659 579 2713; x_wconf 81' lang='lat' dir='ltr'>verwbhnten</span> <span class='ocrx_word' id='word_1_293' title='bbox 597 2663 653 2713; x_wconf 90' lang='lat' dir='ltr'>und</span> <span class='ocrx_word' id='word_1_294' title='bbox 666 2659 754 2714; x_wconf 88' lang='lat' dir='ltr'>dahe&#39;r</span> <span class='ocrx_word' id='word_1_295' title='bbox 804 2660 879 2714; x_wconf 88' lang='lat' dir='ltr'>habe</span> <span class='ocrx_word' id='word_1_296' title='bbox 889 2659 1034 2728; x_wconf 87' lang='lat' dir='ltr'>Scaevola,</span> <span class='ocrx_word' id='word_1_297' title='bbox 1045 2661 1097 2714; x_wconf 84' lang='lat' dir='ltr'>wic</span> <span class='ocrx_word' id='word_1_298' title='bbox 1108 2661 1154 2714; x_wconf 89' lang='lat' dir='ltr'>ein</span> <span class='ocrx_word' id='word_1_299' title='bbox 1164 2660 1368 2724; x_wconf 84' lang='lat' dir='ltr'>echterJurist‚</span> 
     </span>
     <span class='ocr_line' id='line_1_32' title="bbox 192 2725 1368 2864; baseline -0.001 -15"><span class='ocrx_word' id='word_1_300' title='bbox 192 2725 754 2850; x_wconf 54' lang='lat' dir='ltr'>trististristis..istst</span> <span class='ocrx_word' id='word_1_301' title='bbox 804 2727 1368 2864; x_wconf 62' lang='lat' dir='ltr'>trisisrltmrltulibatis</span> 
     </span>
     <span class='ocr_line' id='line_1_33' title="bbox 193 2835 1367 2933; baseline -0.001 -16"><span class='ocrx_word' id='word_1_302' title='bbox 193 2863 290 2918; x_wconf 87' lang='lat' dir='ltr'>seiuen</span> <span class='ocrx_word' id='word_1_303' title='bbox 300 2862 406 2917; x_wconf 91' lang='lat' dir='ltr'>Willen</span> <span class='ocrx_word' id='word_1_304' title='bbox 418 2862 512 2916; x_wconf 89' lang='lat' dir='ltr'>haben</span> <span class='ocrx_word' id='word_1_305' title='bbox 525 2835 597 2916; x_wconf 85' lang='lat' dir='ltr'>will:</span> <span class='ocrx_word' id='word_1_306' title='bbox 610 2863 755 2918; x_wconf 89' lang='lat' dir='ltr'>vielleicht</span> <span class='ocrx_word' id='word_1_307' title='bbox 804 2863 955 2917; x_wconf 78' lang='lat' dir='ltr'>Fundleins</span> <span class='ocrx_word' id='word_1_308' title='bbox 967 2836 1061 2918; x_wconf 85' lang='lat' dir='ltr'>willan</span> <span class='ocrx_word' id='word_1_309' title='bbox 1080 2865 1161 2918; x_wconf 90' lang='lat' dir='ltr'>einen</span> <span class='ocrx_word' id='word_1_310' title='bbox 1173 2879 1281 2933; x_wconf 84' lang='lat' dir='ltr'>ganzes</span> <span class='ocrx_word' id='word_1_311' title='bbox 1296 2863 1367 2917; x_wconf 83' lang='lat' dir='ltr'>Erb-</span> 
     </span>
     <span class='ocr_line' id='line_1_34' title="bbox 192 2929 1369 3001; baseline 0.003 -17"><span class='ocrx_word' id='word_1_312' title='bbox 192 2930 246 2984; x_wconf 92' lang='lat' dir='ltr'>mit</span> <span class='ocrx_word' id='word_1_313' title='bbox 263 2929 347 2986; x_wconf 88' lang='lat' dir='ltr'>leiser</span> <span class='ocrx_word' id='word_1_314' title='bbox 359 2930 536 3001; x_wconf 79' lang='lat' dir='ltr'>Anspielung</span> <span class='ocrx_word' id='word_1_315' title='bbox 548 2932 599 2984; x_wconf 86' lang='lat' dir='ltr'>auf</span> <span class='ocrx_word' id='word_1_316' title='bbox 609 2930 754 2998; x_wconf 82' lang='lat' dir='ltr'>Scaevola,</span> <span class='ocrx_word' id='word_1_317' title='bbox 806 2930 1022 3000; x_wconf 84' lang='lat' dir='ltr'>schaftsprozess</span> <span class='ocrx_word' id='word_1_318' title='bbox 1045 2949 1078 2984; x_wconf 86' lang='lat' dir='ltr'>zu</span> <span class='ocrx_word' id='word_1_319' title='bbox 1097 2931 1196 2986; x_wconf 87' lang='lat' dir='ltr'>stands</span> <span class='ocrx_word' id='word_1_320' title='bbox 1219 2931 1369 2999; x_wconf 79' lang='lat' dir='ltr'>gebracht.</span> 
     </span>
     <span class='ocr_line' id='line_1_35' title="bbox 193 2998 1368 3069; baseline -0.001 -16"><span class='ocrx_word' id='word_1_321' title='bbox 193 2998 310 3068; x_wconf 84' lang='lat' dir='ltr'>domja</span> <span class='ocrx_word' id='word_1_322' title='bbox 331 2999 360 3052; x_wconf 91' lang='lat' dir='ltr'>in</span> <span class='ocrx_word' id='word_1_323' title='bbox 383 3000 455 3053; x_wconf 88' lang='lat' dir='ltr'>eben</span> <span class='ocrx_word' id='word_1_324' title='bbox 478 2999 569 3054; x_wconf 84' lang='lat' dir='ltr'>dieser</span> <span class='ocrx_word' id='word_1_325' title='bbox 592 3015 678 3054; x_wconf 88' lang='lat' dir='ltr'>causa</span> <span class='ocrx_word' id='word_1_326' title='bbox 701 2999 754 3054; x_wconf 84' lang='lat' dir='ltr'>Gu-</span> <span class='ocrx_word' id='word_1_327' title='bbox 811 3054 817 3069; x_wconf 69' lang='grc'><em>,</em></span> <span class='ocrx_word' id='word_1_328' title='bbox 841 3006 863 3056; x_wconf 88' lang='grc'>6.</span> <span class='ocrx_word' id='word_1_329' title='bbox 887 2999 936 3053; x_wconf 82' lang='lat' dir='ltr'>boc</span> <span class='ocrx_word' id='word_1_330' title='bbox 953 2999 1001 3053; x_wconf 83' lang='lat' dir='ltr'>ille</span> <span class='ocrx_word' id='word_1_331' title='bbox 1022 2999 1106 3053; x_wconf 76' lang='lat' dir='ltr'>initio</span> <span class='ocrx_word' id='word_1_332' title='bbox 1130 3016 1151 3054; x_wconf 90' lang='lat' dir='ltr'>s.</span> <span class='ocrx_word' id='word_1_333' title='bbox 1169 2999 1195 3052; x_wconf 89' lang='lat' dir='ltr'>d.</span> <span class='ocrx_word' id='word_1_334' title='bbox 1213 2999 1279 3052; x_wconf 85' lang='lat' dir='ltr'>krit.</span> <span class='ocrx_word' id='word_1_335' title='bbox 1296 2999 1368 3052; x_wconf 82' lang='lat' dir='ltr'>Aah.</span> 
     </span>
     <span class='ocr_line' id='line_1_36' title="bbox 192 3056 1369 3137; baseline 0 -17"><span class='ocrx_word' id='word_1_336' title='bbox 192 3067 273 3121; x_wconf 86' lang='lat' dir='ltr'>riana</span> <span class='ocrx_word' id='word_1_337' title='bbox 291 3064 406 3122; x_wconf 84' lang='lat' dir='ltr'>Crassus</span> <span class='ocrx_word' id='word_1_338' title='bbox 425 3067 550 3122; x_wconf 87' lang='lat' dir='ltr'>deutlich</span> <span class='ocrx_word' id='word_1_339' title='bbox 568 3084 664 3137; x_wconf 81' lang='lat' dir='ltr'>genug</span> <span class='ocrx_word' id='word_1_340' title='bbox 683 3066 754 3134; x_wconf 86' lang='lat' dir='ltr'>juri-</span> <span class='ocrx_word' id='word_1_341' title='bbox 805 3056 928 3120; x_wconf 75' lang='lat' dir='ltr'>ihnhch</span> <span class='ocrx_word' id='word_1_342' title='bbox 950 3066 1048 3120; x_wconf 90' lang='lat' dir='ltr'>suchte</span> <span class='ocrx_word' id='word_1_343' title='bbox 1074 3066 1133 3120; x_wconf 91' lang='lat' dir='ltr'>sich</span> <span class='ocrx_word' id='word_1_344' title='bbox 1156 3068 1293 3122; x_wconf 82' lang='lat' dir='ltr'>Antonius</span> <span class='ocrx_word' id='word_1_345' title='bbox 1320 3067 1369 3120; x_wconf 89' lang='lat' dir='ltr'>bei</span> 
     </span>
     <span class='ocr_line' id='line_1_37' title="bbox 193 3134 1370 3204; baseline -0.003 -15"><span class='ocrx_word' id='word_1_346' title='bbox 193 3134 295 3190; x_wconf 83' lang='lat' dir='ltr'>stische</span> <span class='ocrx_word' id='word_1_347' title='bbox 330 3135 538 3190; x_wconf 85' lang='lat' dir='ltr'>Rechthaberei</span> <span class='ocrx_word' id='word_1_348' title='bbox 572 3135 630 3188; x_wconf 91' lang='lat' dir='ltr'>und</span> <span class='ocrx_word' id='word_1_349' title='bbox 668 3135 754 3189; x_wconf 88' lang='lat' dir='ltr'>allzu·</span> <span class='ocrx_word' id='word_1_350' title='bbox 806 3135 858 3189; x_wconf 88' lang='lat' dir='ltr'>der</span> <span class='ocrx_word' id='word_1_351' title='bbox 891 3134 1099 3204; x_wconf 83' lang='lat' dir='ltr'>Verteidigung</span> <span class='ocrx_word' id='word_1_352' title='bbox 1135 3135 1183 3190; x_wconf 87' lang='lat' dir='ltr'>des</span> <span class='ocrx_word' id='word_1_353' title='bbox 1218 3134 1370 3188; x_wconf 86' lang='lat' dir='ltr'>Norbanus</span> 
     </span>
    </p>

    <p class='ocr_par' dir='ltr' id='par_1_17' title="bbox 192 3201 1437 3744">
     <span class='ocr_line' id='line_1_38' title="bbox 228 3201 1368 3270; baseline -0.002 -13"><span class='ocrx_word' id='word_1_354' title='bbox 228 3203 301 3257; x_wconf 79' lang='lat' dir='ltr'>ossea</span> <span class='ocrx_word' id='word_1_355' title='bbox 313 3203 473 3258; x_wconf 87' lang='lat' dir='ltr'>Vertrauen</span> <span class='ocrx_word' id='word_1_356' title='bbox 485 3202 537 3256; x_wconf 87' lang='lat' dir='ltr'>auf</span> <span class='ocrx_word' id='word_1_357' title='bbox 545 3202 621 3257; x_wconf 86' lang='lat' dir='ltr'>seins</span> <span class='ocrx_word' id='word_1_358' title='bbox 640 3201 754 3260; x_wconf 83' lang='lat' dir='ltr'>quehl-</span> <span class='ocrx_word' id='word_1_359' title='bbox 807 3202 865 3256; x_wconf 90' lang='lat' dir='ltr'>erst</span> <span class='ocrx_word' id='word_1_360' title='bbox 883 3202 937 3255; x_wconf 91' lang='lat' dir='ltr'>den</span> <span class='ocrx_word' id='word_1_361' title='bbox 954 3202 1053 3256; x_wconf 91' lang='lat' dir='ltr'>Boden</span> <span class='ocrx_word' id='word_1_362' title='bbox 1074 3220 1108 3255; x_wconf 84' lang='lat' dir='ltr'>zu</span> <span class='ocrx_word' id='word_1_363' title='bbox 1126 3203 1288 3270; x_wconf 72' lang='lat' dir='ltr'>gavinum,</span> <span class='ocrx_word' id='word_1_364' title='bbox 1312 3217 1368 3256; x_wconf 90' lang='lat' dir='ltr'>von</span> 
     </span>
     <span class='ocr_line' id='line_1_39' title="bbox 214 3269 1370 3340; baseline -0.003 -14"><span class='ocrx_word' id='word_1_365' title='bbox 214 3269 307 3326; x_wconf 85' lang='lat' dir='ltr'>arkeit</span> <span class='ocrx_word' id='word_1_366' title='bbox 334 3270 463 3324; x_wconf 86' lang='lat' dir='ltr'>vorwirit</span> <span class='ocrx_word' id='word_1_367' title='bbox 492 3272 577 3338; x_wconf 74' lang='lat' dir='ltr'>(leelr</span> <span class='ocrx_word' id='word_1_368' title='bbox 609 3270 694 3324; x_wconf 75' lang='lat' dir='ltr'>‘Nam</span> <span class='ocrx_word' id='word_1_369' title='bbox 721 3270 754 3338; x_wconf 88' lang='lat' dir='ltr'>si,</span> <span class='ocrx_word' id='word_1_370' title='bbox 807 3270 872 3330; x_wconf 83' lang='lat' dir='ltr'>dem</span> <span class='ocrx_word' id='word_1_371' title='bbox 896 3285 945 3322; x_wconf 89' lang='lat' dir='ltr'>aus</span> <span class='ocrx_word' id='word_1_372' title='bbox 969 3285 999 3322; x_wconf 91' lang='lat' dir='ltr'>er</span> <span class='ocrx_word' id='word_1_373' title='bbox 1022 3270 1097 3322; x_wconf 87' lang='lat' dir='ltr'>dana</span> <span class='ocrx_word' id='word_1_374' title='bbox 1123 3271 1370 3340; x_wconf 88' lang='lat' dir='ltr'>weiteroperieren</span> 
     </span>
     <span class='ocr_line' id='line_1_40' title="bbox 194 3336 1368 3406; baseline -0.002 -15"><span class='ocrx_word' id='word_1_375' title='bbox 194 3341 332 3404; x_wconf 82' lang='lat' dir='ltr'>(inquam)</span> <span class='ocrx_word' id='word_1_376' title='bbox 369 3339 519 3406; x_wconf 82' lang='lat' dir='ltr'>Scaevola,</span> <span class='ocrx_word' id='word_1_377' title='bbox 557 3337 666 3392; x_wconf 76' lang='lat' dir='ltr'>nubum</span> <span class='ocrx_word' id='word_1_378' title='bbox 701 3337 756 3392; x_wconf 88' lang='lat' dir='ltr'>erit</span> <span class='ocrx_word' id='word_1_379' title='bbox 807 3338 922 3394; x_wconf 84' lang='lat' dir='ltr'>konnte.</span> <span class='ocrx_word' id='word_1_380' title='bbox 941 3336 976 3391; x_wconf 90' lang='lat' dir='ltr'>de</span> <span class='ocrx_word' id='word_1_381' title='bbox 989 3352 1028 3390; x_wconf 89' lang='lat' dir='ltr'>or.</span> <span class='ocrx_word' id='word_1_382' title='bbox 1042 3336 1128 3392; x_wconf 80' lang='lat'>11200</span> <span class='ocrx_word' id='word_1_383' title='bbox 1140 3337 1222 3403; x_wconf 79' lang='lat' dir='ltr'>Quod</span> <span class='ocrx_word' id='word_1_384' title='bbox 1234 3338 1282 3392; x_wconf 89' lang='lat' dir='ltr'>ubi</span> <span class='ocrx_word' id='word_1_385' title='bbox 1294 3337 1368 3392; x_wconf 89' lang='lat' dir='ltr'>sensi</span> 
     </span>
     <span class='ocr_line' id='line_1_41' title="bbox 192 3405 1369 3483; baseline -0.003 -22"><span class='ocrx_word' id='word_1_386' title='bbox 192 3408 395 3461; x_wconf 87' lang='lat' dir='ltr'>testamentum</span> <span class='ocrx_word' id='word_1_387' title='bbox 430 3407 506 3460; x_wconf 89' lang='lat' dir='ltr'>recte</span> <span class='ocrx_word' id='word_1_388' title='bbox 541 3406 663 3471; x_wconf 85' lang='lat' dir='ltr'>fectum,</span> <span class='ocrx_word' id='word_1_389' title='bbox 702 3405 757 3459; x_wconf 91' lang='lat' dir='ltr'>nisi</span> <span class='ocrx_word' id='word_1_390' title='bbox 807 3421 853 3459; x_wconf 91' lang='lat' dir='ltr'>me</span> <span class='ocrx_word' id='word_1_391' title='bbox 870 3405 899 3458; x_wconf 90' lang='lat' dir='ltr'>in</span> <span class='ocrx_word' id='word_1_392' title='bbox 917 3405 1121 3483; x_wconf 87' lang='lat' dir='ltr'>possessionem</span> <span class='ocrx_word' id='word_1_393' title='bbox 1144 3407 1241 3460; x_wconf 90' lang='lat' dir='ltr'>iudicii</span> <span class='ocrx_word' id='word_1_394' title='bbox 1264 3422 1297 3460; x_wconf 90' lang='lat' dir='ltr'>ac</span> <span class='ocrx_word' id='word_1_395' title='bbox 1322 3405 1369 3459; x_wconf 91' lang='lat' dir='ltr'>de-</span> 
     </span>
     <span class='ocr_line' id='line_1_42' title="bbox 194 3472 1288 3542; baseline 0.003 -15"><span class='ocrx_word' id='word_1_396' title='bbox 194 3474 271 3541; x_wconf 92' lang='lat' dir='ltr'>quod</span> <span class='ocrx_word' id='word_1_397' title='bbox 293 3476 326 3527; x_wconf 90' lang='lat' dir='ltr'>tu</span> <span class='ocrx_word' id='word_1_398' title='bbox 352 3472 511 3542; x_wconf 87' lang='lat' dir='ltr'>scripseris,</span> <span class='ocrx_word' id='word_1_399' title='bbox 540 3488 637 3527; x_wconf 90' lang='lat' dir='ltr'>omnes</span> <span class='ocrx_word' id='word_1_400' title='bbox 664 3473 700 3526; x_wconf 89' lang='lat' dir='ltr'>ad</span> <span class='ocrx_word' id='word_1_401' title='bbox 726 3474 756 3527; x_wconf 90' lang='lat' dir='ltr'>te</span> <span class='ocrx_word' id='word_1_402' title='bbox 807 3473 941 3528; x_wconf 86' lang='lat' dir='ltr'>fensionrs</span> <span class='ocrx_word' id='word_1_403' title='bbox 959 3489 1039 3526; x_wconf 90' lang='lat' dir='ltr'>meae</span> <span class='ocrx_word' id='word_1_404' title='bbox 1058 3475 1217 3529; x_wconf 86' lang='lat' dir='ltr'>constitisse</span> <span class='ocrx_word' id='word_1_405' title='bbox 1236 3475 1288 3532; x_wconf 88' lang='lat' dir='ltr'>eto.</span> 
     </span>
     <span class='ocr_line' id='line_1_43' title="bbox 195 3539 1369 3611; baseline 0.003 -16"><span class='ocrx_word' id='word_1_406' title='bbox 195 3541 270 3596; x_wconf 90' lang='lat' dir='ltr'>cives</span> <span class='ocrx_word' id='word_1_407' title='bbox 279 3556 343 3593; x_wconf 90' lang='lat' dir='ltr'>cum</span> <span class='ocrx_word' id='word_1_408' title='bbox 353 3540 457 3594; x_wconf 90' lang='lat' dir='ltr'>tabulis</span> <span class='ocrx_word' id='word_1_409' title='bbox 467 3541 621 3608; x_wconf 87' lang='lat' dir='ltr'>veniemus,</span> <span class='ocrx_word' id='word_1_410' title='bbox 632 3539 757 3595; x_wconf 90' lang='lat' dir='ltr'>omnium</span> <span class='ocrx_word' id='word_1_411' title='bbox 843 3541 994 3595; x_wconf 76' lang='lat' dir='ltr'>consecretis</span> <span class='ocrx_word' id='word_1_412' title='bbox 1016 3540 1072 3594; x_wconf 89' lang='lat' dir='ltr'>Der</span> <span class='ocrx_word' id='word_1_413' title='bbox 1086 3541 1141 3598; x_wconf 88' lang='lat' dir='ltr'>abl.</span> <span class='ocrx_word' id='word_1_414' title='bbox 1158 3542 1215 3599; x_wconf 89' lang='lat' dir='ltr'>abs.</span> <span class='ocrx_word' id='word_1_415' title='bbox 1235 3542 1284 3596; x_wconf 89' lang='lat' dir='ltr'>des</span> <span class='ocrx_word' id='word_1_416' title='bbox 1296 3542 1369 3611; x_wconf 90' lang='lat' dir='ltr'>part.</span> 
     </span>
     <span class='ocr_line' id='line_1_44' title="bbox 194 3606 1437 3677; baseline -0.002 -14"><span class='ocrx_word' id='word_1_417' title='bbox 194 3608 367 3663; x_wconf 90' lang='lat' dir='ltr'>testamenta</span> <span class='ocrx_word' id='word_1_418' title='bbox 383 3609 416 3661; x_wconf 91' lang='lat' dir='ltr'>tu</span> <span class='ocrx_word' id='word_1_419' title='bbox 434 3607 538 3662; x_wconf 89' lang='lat' dir='ltr'>scribes</span> <span class='ocrx_word' id='word_1_420' title='bbox 556 3617 639 3662; x_wconf 85' lang='lat' dir='ltr'>unus&#39;</span> <span class='ocrx_word' id='word_1_421' title='bbox 659 3608 704 3677; x_wconf 86' lang='lat' dir='ltr'>(de</span> <span class='ocrx_word' id='word_1_422' title='bbox 718 3624 757 3662; x_wconf 88' lang='lat' dir='ltr'>or.</span> <span class='ocrx_word' id='word_1_423' title='bbox 808 3608 878 3677; x_wconf 84' lang='lat' dir='ltr'>perf.</span> <span class='ocrx_word' id='word_1_424' title='bbox 898 3607 973 3662; x_wconf 88' lang='lat' dir='ltr'>aines</span> <span class='ocrx_word' id='word_1_425' title='bbox 990 3606 1099 3677; x_wconf 89' lang='lat' dir='ltr'>Depon.</span> <span class='ocrx_word' id='word_1_426' title='bbox 1118 3610 1170 3663; x_wconf 90' lang='lat' dir='ltr'>mit</span> <span class='ocrx_word' id='word_1_427' title='bbox 1186 3609 1298 3664; x_wconf 89' lang='lat' dir='ltr'>transit.</span> <span class='ocrx_word' id='word_1_428' title='bbox 1317 3607 1369 3660; x_wconf 89' lang='lat' dir='ltr'>Be·</span> <span class='ocrx_word' id='word_1_429' title='bbox 1435 3637 1437 3642; x_wconf 95' lang='lat'>·</span> 
     </span>
     <span class='ocr_line' id='line_1_45' title="bbox 194 3673 1367 3744; baseline -0.004 -14"><span class='ocrx_word' id='word_1_430' title='bbox 194 3677 287 3744; x_wconf 79' lang='lat'>1124).</span> <span class='ocrx_word' id='word_1_431' title='bbox 809 3677 937 3743; x_wconf 79' lang='lat' dir='ltr'>deutung</span> <span class='ocrx_word' id='word_1_432' title='bbox 958 3676 996 3728; x_wconf 92' lang='lat' dir='ltr'>ist</span> <span class='ocrx_word' id='word_1_433' title='bbox 1017 3676 1064 3729; x_wconf 89' lang='lat' dir='ltr'>bei</span> <span class='ocrx_word' id='word_1_434' title='bbox 1082 3676 1139 3732; x_wconf 81' lang='lat' dir='ltr'>Cic.</span> <span class='ocrx_word' id='word_1_435' title='bbox 1158 3677 1255 3733; x_wconf 89' lang='lat' dir='ltr'>selten.</span> <span class='ocrx_word' id='word_1_436' title='bbox 1285 3673 1367 3726; x_wconf 82' lang='lat' dir='ltr'>Tusa.</span> 
     </span>
    </p>

    <p class='ocr_par' dir='ltr' id='par_1_18' title="bbox 194 3739 1373 4156">
     <span class='ocr_line' id='line_1_46' title="bbox 228 3739 1368 3812; baseline -0.006 -13"><span class='ocrx_word' id='word_1_437' title='bbox 228 3744 360 3800; x_wconf 81' lang='lat' dir='ltr'>scalmum</span> <span class='ocrx_word' id='word_1_438' title='bbox 375 3741 456 3797; x_wconf 88' lang='lat' dir='ltr'>einen</span> <span class='ocrx_word' id='word_1_439' title='bbox 468 3742 583 3809; x_wconf 74' lang='lat' dir='ltr'>bollan,</span> <span class='ocrx_word' id='word_1_440' title='bbox 599 3743 652 3798; x_wconf 85' lang='lat' dir='ltr'>wie</span> <span class='ocrx_word' id='word_1_441' title='bbox 664 3743 757 3812; x_wconf 85' lang='lat' dir='ltr'>Etym.</span> <span class='ocrx_word' id='word_1_442' title='bbox 808 3743 834 3797; x_wconf 85' lang='lat' dir='ltr'><strong>V</strong></span> <span class='ocrx_word' id='word_1_443' title='bbox 853 3749 885 3797; x_wconf 84' lang='grc'>97</span> <span class='ocrx_word' id='word_1_444' title='bbox 904 3743 1053 3798; x_wconf 88' lang='lat' dir='ltr'>comitibus</span> <span class='ocrx_word' id='word_1_445' title='bbox 1071 3760 1127 3797; x_wconf 91' lang='lat' dir='ltr'>non</span> <span class='ocrx_word' id='word_1_446' title='bbox 1145 3742 1314 3804; x_wconf 91' lang='lat' dir='ltr'>consecutis,</span> <span class='ocrx_word' id='word_1_447' title='bbox 1333 3739 1368 3792; x_wconf 88' lang='lat' dir='ltr'>de</span> 
     </span>
     <span class='ocr_line' id='line_1_47' title="bbox 194 3802 1228 3880; baseline -0.004 -14"><span class='ocrx_word' id='word_1_448' title='bbox 194 3829 232 3866; x_wconf 90' lang='lat' dir='ltr'>m.</span> <span class='ocrx_word' id='word_1_449' title='bbox 258 3811 376 3866; x_wconf 79' lang='lat' dir='ltr'>erklart:</span> <span class='ocrx_word' id='word_1_450' title='bbox 408 3811 529 3880; x_wconf 75' lang='lat' dir='ltr'>cautant</span> <span class='ocrx_word' id='word_1_451' title='bbox 559 3807 594 3865; x_wconf 78' lang='lat' dir='ltr'>sd</span> <span class='ocrx_word' id='word_1_452' title='bbox 622 3807 693 3878; x_wconf 74' lang='grc' dir='ltr'><strong><em>ξύλα</em></strong></span> <span class='ocrx_word' id='word_1_453' title='bbox 718 3802 757 3866; x_wconf 77' lang='grc' dir='ltr'>ὧν</span> <span class='ocrx_word' id='word_1_454' title='bbox 808 3811 870 3864; x_wconf 87' lang='lat' dir='ltr'>Fat.</span> <span class='ocrx_word' id='word_1_455' title='bbox 889 3816 922 3864; x_wconf 83' lang='lat'>45</span> <span class='ocrx_word' id='word_1_456' title='bbox 941 3811 1031 3865; x_wconf 89' lang='lat' dir='ltr'>causis</span> <span class='ocrx_word' id='word_1_457' title='bbox 1050 3809 1228 3880; x_wconf 84' lang='lat' dir='ltr'>antegressis.</span> 
     </span>
     <span class='ocr_line' id='line_1_48' title="bbox 195 3875 1370 3948; baseline -0.008 -12"><span class='ocrx_word' id='word_1_458' title='bbox 195 3877 346 3936; x_wconf 74' lang='grc' dir='ltr'><strong><em>ἒκὸἑονααι</em></strong></span> <span class='ocrx_word' id='word_1_459' title='bbox 367 3876 400 3932; x_wconf 76' lang='grc' dir='ltr'>αἱ</span> <span class='ocrx_word' id='word_1_460' title='bbox 415 3879 509 3932; x_wconf 79' lang='grc' dir='ltr'><strong><em>κῶπαι</em></strong></span> <span class='ocrx_word' id='word_1_461' title='bbox 527 3875 599 3948; x_wconf 81' lang='grc' dir='ltr'><strong><em>πρὸς</em></strong></span> <span class='ocrx_word' id='word_1_462' title='bbox 613 3878 667 3948; x_wconf 79' lang='grc' dir='ltr'>τὴν</span> <span class='ocrx_word' id='word_1_463' title='bbox 687 3879 758 3947; x_wconf 76' lang='lat' dir='ltr'>alps-</span> <span class='ocrx_word' id='word_1_464' title='bbox 843 3885 867 3933; x_wconf 89' lang='grc'>8,</span> <span class='ocrx_word' id='word_1_465' title='bbox 886 3879 919 3933; x_wconf 82' lang='lat' dir='ltr'>tre</span> <span class='ocrx_word' id='word_1_466' title='bbox 930 3879 1100 3933; x_wconf 81' lang='lat' dir='ltr'>bilaritatem</span> <span class='ocrx_word' id='word_1_467' title='bbox 1116 3895 1136 3932; x_wconf 84' lang='lat' dir='ltr'>a</span> <span class='ocrx_word' id='word_1_468' title='bbox 1152 3876 1296 3932; x_wconf 58' lang='lat' dir='ltr'>recantata</span> <span class='ocrx_word' id='word_1_469' title='bbox 1313 3879 1370 3928; x_wconf 86' lang='lat' dir='ltr'>tra-</span> 
     </span>
     <span class='ocr_line' id='line_1_49' title="bbox 196 3941 1370 4010; baseline -0.006 -7"><span class='ocrx_word' id='word_1_470' title='bbox 196 3951 272 4004; x_wconf 81' lang='grc' dir='ltr'><strong><em>σίαν.</em></strong></span> <span class='ocrx_word' id='word_1_471' title='bbox 303 3947 412 4001; x_wconf 89' lang='lat' dir='ltr'>Vitruv.</span> <span class='ocrx_word' id='word_1_472' title='bbox 434 3946 460 3999; x_wconf 91' lang='lat' dir='ltr'>X</span> <span class='ocrx_word' id='word_1_473' title='bbox 480 3951 509 4010; x_wconf 88' lang='lat'>8,</span> <span class='ocrx_word' id='word_1_474' title='bbox 533 3952 564 4000; x_wconf 83' lang='lat'>15</span> <span class='ocrx_word' id='word_1_475' title='bbox 588 3947 659 4000; x_wconf 90' lang='lat' dir='ltr'>remi</span> <span class='ocrx_word' id='word_1_476' title='bbox 683 3947 758 4001; x_wconf 90' lang='lat' dir='ltr'>circa</span> <span class='ocrx_word' id='word_1_477' title='bbox 809 3947 893 4001; x_wconf 79' lang='lat' dir='ltr'>duxit</span> <span class='ocrx_word' id='word_1_478' title='bbox 909 3947 962 4001; x_wconf 83' lang='lat' dir='ltr'>wie</span> <span class='ocrx_word' id='word_1_479' title='bbox 980 3953 1038 4000; x_wconf 77' lang='lat'>322.</span> <span class='ocrx_word' id='word_1_480' title='bbox 1074 3941 1370 3999; x_wconf 78' lang='lat' dir='ltr'>deor.11221Nam</span> 
     </span>
     <span class='ocr_line' id='line_1_50' title="bbox 196 4009 1369 4083; baseline -0.007 -13"><span class='ocrx_word' id='word_1_481' title='bbox 196 4016 315 4071; x_wconf 90' lang='lat' dir='ltr'>scalmos</span> <span class='ocrx_word' id='word_1_482' title='bbox 327 4015 450 4083; x_wconf 88' lang='lat' dir='ltr'>strophis</span> <span class='ocrx_word' id='word_1_483' title='bbox 462 4014 578 4082; x_wconf 85' lang='lat' dir='ltr'>religati</span> <span class='ocrx_word' id='word_1_484' title='bbox 592 4030 656 4067; x_wconf 92' lang='lat' dir='ltr'>cum</span> <span class='ocrx_word' id='word_1_485' title='bbox 669 4013 757 4070; x_wconf 89' lang='lat' dir='ltr'>mani·</span> <span class='ocrx_word' id='word_1_486' title='bbox 808 4014 878 4068; x_wconf 88' lang='lat' dir='ltr'>haec</span> <span class='ocrx_word' id='word_1_487' title='bbox 907 4029 958 4083; x_wconf 88' lang='lat' dir='ltr'>per</span> <span class='ocrx_word' id='word_1_488' title='bbox 981 4017 1048 4067; x_wconf 88' lang='lat' dir='ltr'>etna</span> <span class='ocrx_word' id='word_1_489' title='bbox 1077 4014 1175 4066; x_wconf 89' lang='lat' dir='ltr'>contra</span> <span class='ocrx_word' id='word_1_490' title='bbox 1205 4009 1369 4064; x_wconf 86' lang='lat' dir='ltr'>Scaevolam</span> 
     </span>
     <span class='ocr_line' id='line_1_51' title="bbox 195 4031 1373 4156; baseline -0.006 -17"><span class='ocrx_word' id='word_1_491' title='bbox 195 4085 248 4139; x_wconf 91' lang='lat' dir='ltr'>bus</span> <span class='ocrx_word' id='word_1_492' title='bbox 266 4083 451 4153; x_wconf 87' lang='lat' dir='ltr'>impellantur</span> <span class='ocrx_word' id='word_1_493' title='bbox 469 4084 499 4136; x_wconf 91' lang='lat' dir='ltr'>et</span> <span class='ocrx_word' id='word_1_494' title='bbox 515 4083 694 4140; x_wconf 90' lang='lat' dir='ltr'>reducuntur.</span> <span class='ocrx_word' id='word_1_495' title='bbox 809 4081 930 4136; x_wconf 79' lang='lat' dir='ltr'>Curiana</span> <span class='ocrx_word' id='word_1_496' title='bbox 957 4031 1082 4135; x_wconf 66' lang='lat' dir='ltr'>defensio</span> <span class='ocrx_word' id='word_1_497' title='bbox 1111 4081 1172 4156; x_wconf 82' lang='lat' dir='ltr'>tota</span> <span class='ocrx_word' id='word_1_498' title='bbox 1200 4077 1373 4134; x_wconf 87' lang='lat' dir='ltr'>redundavit</span> 
     </span>
    </p>

    <p class='ocr_par' dir='ltr' id='par_1_19' title="bbox 198 4146 1341 4291">
     <span class='ocr_line' id='line_1_52' title="bbox 229 4146 1341 4218; baseline -0.006 -12"><span class='ocrx_word' id='word_1_499' title='bbox 229 4159 253 4206; x_wconf 84' lang='lat'>4.</span> <span class='ocrx_word' id='word_1_500' title='bbox 271 4153 303 4206; x_wconf 87' lang='lat' dir='ltr'>ob</span> <span class='ocrx_word' id='word_1_501' title='bbox 318 4168 377 4205; x_wconf 84' lang='lat' dir='ltr'>eum</span> <span class='ocrx_word' id='word_1_502' title='bbox 395 4167 430 4204; x_wconf 84' lang='lat' dir='ltr'>ae</span> <span class='ocrx_word' id='word_1_503' title='bbox 441 4167 497 4206; x_wconf 83' lang='lat' dir='ltr'>rem</span> <span class='ocrx_word' id='word_1_504' title='bbox 507 4151 560 4204; x_wconf 89' lang='lat' dir='ltr'>etc.</span> <span class='ocrx_word' id='word_1_505' title='bbox 574 4150 632 4204; x_wconf 88' lang='lat' dir='ltr'>Das</span> <span class='ocrx_word' id='word_1_506' title='bbox 644 4150 757 4218; x_wconf 79' lang='lat' dir='ltr'>garing·</span> <span class='ocrx_word' id='word_1_507' title='bbox 808 4149 953 4204; x_wconf 90' lang='lat' dir='ltr'>hilaritate</span> <span class='ocrx_word' id='word_1_508' title='bbox 971 4149 1093 4216; x_wconf 88' lang='lat' dir='ltr'>quadam</span> <span class='ocrx_word' id='word_1_509' title='bbox 1112 4149 1141 4200; x_wconf 91' lang='lat' dir='ltr'>et</span> <span class='ocrx_word' id='word_1_510' title='bbox 1157 4161 1233 4211; x_wconf 85' lang='lat' dir='ltr'>roco;</span> <span class='ocrx_word' id='word_1_511' title='bbox 1251 4146 1265 4200; x_wconf 91' lang='lat'><em>1</em></span> <span class='ocrx_word' id='word_1_512' title='bbox 1284 4152 1341 4202; x_wconf 80' lang='lat'>243.</span> 
     </span>
     <span class='ocr_line' id='line_1_53' title="bbox 198 4167 1169 4291; baseline -0.004 -18"><span class='ocrx_word' id='word_1_513' title='bbox 198 4220 228 4273; x_wconf 86' lang='lat' dir='ltr'>fu</span> <span class='ocrx_word' id='word_1_514' title='bbox 249 4219 259 4272; x_wconf 91' lang='lat' dir='ltr'>i</span> <span class='ocrx_word' id='word_1_515' title='bbox 282 4167 475 4273; x_wconf 74' lang='lat' dir='ltr'>eStiiclrchen</span> <span class='ocrx_word' id='word_1_516' title='bbox 493 4218 576 4286; x_wconf 86' lang='lat' dir='ltr'>Holz,</span> <span class='ocrx_word' id='word_1_517' title='bbox 595 4218 646 4272; x_wconf 91' lang='lat' dir='ltr'>der</span> <span class='ocrx_word' id='word_1_518' title='bbox 664 4218 758 4272; x_wconf 83' lang='lat' dir='ltr'>lrleine</span> <span class='ocrx_word' id='word_1_519' title='bbox 844 4225 868 4272; x_wconf 82' lang='grc'>9.</span> <span class='ocrx_word' id='word_1_520' title='bbox 892 4217 955 4272; x_wconf 79' lang='lat' dir='ltr'>dixi</span> <span class='ocrx_word' id='word_1_521' title='bbox 975 4222 1029 4270; x_wconf 80' lang='lat'>185.</span> <span class='ocrx_word' id='word_1_522' title='bbox 1163 4281 1169 4291; x_wconf 90' lang='lat'>.</span> 
     </span>
    </p>

    <p class='ocr_par' dir='ltr' id='par_1_20' title="bbox 196 4238 1216 4355">
     <span class='ocr_line' id='line_1_54' title="bbox 196 4238 1216 4355; baseline -0.004 -13"><span class='ocrx_word' id='word_1_523' title='bbox 196 4238 260 4342; x_wconf 73' lang='lat' dir='ltr'>Sci·</span> <span class='ocrx_word' id='word_1_524' title='bbox 283 4287 361 4354; x_wconf 82' lang='lat' dir='ltr'>stell,</span> <span class='ocrx_word' id='word_1_525' title='bbox 386 4286 441 4342; x_wconf 90' lang='lat' dir='ltr'>den</span> <span class='ocrx_word' id='word_1_526' title='bbox 464 4303 494 4341; x_wconf 92' lang='lat' dir='ltr'>er</span> <span class='ocrx_word' id='word_1_527' title='bbox 516 4285 673 4355; x_wconf 77' lang='lat' dir='ltr'>gesunden,</span> <span class='ocrx_word' id='word_1_528' title='bbox 696 4284 759 4339; x_wconf 85' lang='lat' dir='ltr'>liele</span> <span class='ocrx_word' id='word_1_529' title='bbox 796 4311 798 4316; x_wconf 55' lang='lat'><em>2</em></span> <span class='ocrx_word' id='word_1_530' title='bbox 846 4291 886 4338; x_wconf 84' lang='grc'>14.</span> <span class='ocrx_word' id='word_1_531' title='bbox 908 4283 1029 4350; x_wconf 81' lang='lat' dir='ltr'>faciebat</span> <span class='ocrx_word' id='word_1_532' title='bbox 1045 4281 1216 4338; x_wconf 81' lang='lat' dir='ltr'>allm&#39;ahlroh.</span> 
     </span>
    </p>
   </div>
   <div class='ocr_carea' id='block_1_4' title="bbox 0 3913 4 4614">
    <p class='ocr_par' dir='ltr' id='par_1_21' title="bbox 0 3913 4 4614">
     <span class='ocr_line' id='line_1_55' title="bbox 0 3913 4 4614; baseline 0 0"><span class='ocrx_word' id='word_1_533' title='bbox 0 3913 4 4614; x_wconf 95' lang='lat' dir='ltr'> </span> 
     </span>
    </p>
   </div>
   <div class='ocr_carea' id='block_1_5' title="bbox 0 0 1539 4848">
    <p class='ocr_par' dir='ltr' id='par_1_22' title="bbox 0 0 1539 4848">
     <span class='ocr_line' id='line_1_56' title="bbox 0 0 1539 4848; baseline 0 0"><span class='ocrx_word' id='word_1_534' title='bbox 0 0 1539 4848; x_wconf 95' lang='lat' dir='ltr'> </span> 
     </span>
    </p>
   </div>
  </div>
 </body>
</html>
