3016 4846
569 263 715 318 annuus
734 270 775 328 aa,
796 271 854 319 arr.
1233 267 1297 334 205

124 421 212 485 vitiis
235 425 268 484 et
291 421 327 483 in
354 417 554 483 instituendo
582 417 789 501 docendoque
816 419 1110 502 prudentissimum.
1153 419 1186 484 Is
1209 419 1297 484 dedit

124 527 271 590 operam,
295 505 322 569 si
345 503 439 569 modo
460 503 494 567 id
518 504 669 588 consequi
691 504 812 586 potuit,
835 508 872 567 ut
887 504 983 568 nimis
999 504 1214 569 redundantes
1236 526 1296 570 nos

124 601 156 655 et
177 611 273 673 supra
295 590 430 654 fluentes
452 588 586 652 iuvenili
608 587 745 672 quadam
761 589 888 652 dicendi
902 589 1095 672 impunitate
1116 593 1149 653 ct
1163 590 1297 653 licentia

122 676 311 758 reprimeret
332 677 365 738 et
387 673 479 757 quasi
501 677 591 738 extra
613 673 700 756 ripas
716 672 900 738 diffluentes
918 678 1086 740 coerceret.
1123 673 1174 738 Ita
1188 675 1297 758 recepi

13 774 15 782 ·
96 781 173 823 sme
201 760 332 824 biennio
360 763 434 843 post
460 779 524 822 non
554 758 650 822 modo
681 759 896 842 exercitatior,
930 760 985 823 sed
1014 781 1112 842 prope
1146 762 1296 824 mutatus.

15 875 17 884 ,
121 843 208 909 Nam
236 849 269 908 et
301 843 466 908 contentio
495 844 596 907 nimia
623 843 712 906 vocis
740 844 902 907 resederat
934 848 967 908 et
998 846 1089 927 quasi
1119 844 1298 909 deferverat

13 945 17 986 ὲ
121 929 224 994 oratio
247 928 465 1012 lateribusque
487 927 571 991 vires
588 930 620 992 et
635 928 762 1010 corpori
778 927 944 993 mediocris
959 929 1089 993 habitus
1105 933 1294 993 accesserat.

207 1013 279 1078 Duo
301 1017 370 1077 tum
393 1012 591 1076 excellebant
613 1015 764 1090 oratores,
788 1014 843 1096 qui
866 1035 917 1077 me
939 1014 1086 1078 imitandi
1107 1013 1282 1097 cupiditate
1293 1013 1337 1080 92
1349 1027 1398 1075 317

13 1117 17 1156 ε
120 1099 305 1176 incitarent,
329 1097 426 1162 Ootta
446 1100 479 1162 et
493 1097 701 1178 Hortensium
724 1118 858 1181 quorum
881 1098 962 1162 alter
983 1099 1134 1162 remissus
1157 1102 1189 1162 et
1211 1098 1293 1162 lenis

13 1203 17 1243 i
83 1207 109 1247 ιο
122 1187 155 1247 et
176 1183 315 1266 propriis
342 1183 446 1246 verbis
469 1182 742 1266 comprehendens
769 1183 873 1246 solute
902 1187 934 1246 et
961 1183 1056 1247 facile
1084 1183 1290 1267 seutentiam,

122 1267 204 1331 alter
226 1270 371 1350 ornatus,
399 1289 473 1331 acer
496 1272 528 1330 et
548 1288 615 1331 non
635 1267 725 1348 talis,
754 1268 882 1350 qualem
903 1271 939 1331 tu
963 1289 1051 1347 eum,
1081 1268 1196 1350 Brute,
1223 1270 1288 1332 iam

121 1352 382 1417 deflorescentem
415 1352 609 1436 cognovisti,
643 1351 698 1415 sed
731 1353 901 1416 verborum
936 1356 969 1416 et
1001 1353 1138 1418 actionis
1171 1373 1289 1438 genere

13 1463 17 1500 2:
121 1438 318 1501 commotior.
361 1436 475 1520 Itaque
501 1457 573 1501 cum
594 1436 770 1501 Hortensio
792 1436 872 1501 mihi
894 1438 996 1522 magis
1019 1438 1199 1502 arbitrabar
1220 1461 1289 1503 rem

121 1543 206 1604 esse,
229 1522 314 1605 quod
337 1525 369 1584 et
390 1521 517 1585 dicendi
533 1523 646 1585 ardore
661 1543 748 1585 eram
764 1524 894 1606 propior
909 1526 942 1587 et
955 1525 1061 1586 aetate
1076 1523 1288 1590 coniunctior.

13 1645 16 1656 ·
82 1629 108 1670 15
121 1606 251 1671 Etenim
278 1607 420 1670 videram
449 1608 484 1669 in
511 1606 631 1670 eisdem
661 1607 780 1690 causis,
811 1613 847 1670 ut
874 1629 934 1690 pro
961 1607 1006 1672 M.
1032 1607 1202 1689 Oanuleio,
1234 1628 1293 1690 pro

13 1815 16 1828 ,
156 1764 180 1810 2.
203 1759 228 1811 se'
245 1759 325 1812 medo
341 1757 374 1811 id
390 1757 520 1825 consequi
536 1757 685 1824 poteritate
733 1757 821 1827 jeden
845 1757 970 1812 hbheren
989 1758 1131 1826 Schwung
1153 1759 1202 1812 der
1219 1760 1297 1814 Reda

13 1835 16 1843 ·
123 1825 233 1880 zweifle
257 1825 353 1880 Cicero
375 1825 462 1878 selbst
486 1824 586 1890 daran,
611 1825 686 1878 deun
738 1843 772 1878 zu
795 1825 908 1878 meiden
931 1826 988 1879 und
1016 1826 1089 1879 ohne
1112 1829 1298 1896 Anwendnng

13 1891 15 1928 l
125 1893 170 1945 die
214 1892 302 1946 nimia
344 1892 534 1946 redundantia
574 1893 685 1946 machte
738 1893 895 1962 tropischer
915 1893 1091 1959 Ausdrticlre,
1115 1893 1164 1948 dar
1188 1896 1298 1966 cigent-

13 1975 15 1984 ·
124 1976 190 2012 man
217 1960 277 2013 ihm
300 1960 372 2014 auch
399 1962 495 2030 sp'atter
523 1960 596 2014 noch
620 1978 684 2013 zum
737 1961 831 2015 lichen
853 1960 962 2016 lumina
987 1961 1137 2027 orationis,
1167 1963 1221 2018 den
1245 1965 1297 2020 Ge·

13 2061 15 2100 ,
124 2026 266 2081 Vorwurf.
739 2028 850 2082 danken
873 2029 984 2082 einfach
1006 2032 1062 2083 und
1090 2046 1298 2101 ungezwnngen

13 2149 14 2152 ,
157 2102 182 2149 3.
211 2095 325 2150 dicendi
343 2095 512 2163 impunitate
534 2095 686 2164 Ungebun·
738 2095 931 2153 abzurunden.

13 2165 14 2184 ³
124 2163 253 2230 denheit,
300 2163 596 2232 Schrankenlosigkeit
646 2164 685 2217 im
771 2164 1057 2232 manutenemus.
1095 2167 1183 2222 solute
1202 2173 1258 2224 110.

13 2235 14 2270 ff
125 2230 232 2284 Reden.
773 2238 813 2287 13.
836 2230 938 2300 Itaque
960 2233 987 2287 d.
1007 2233 1034 2286 h.
1057 2233 1104 2287 bei
1127 2235 1220 2288 dieser
1237 2251 1299 2289 ver·

157 2305 183 2352 4.
200 2304 329 2354 coerceret
342 2298 570 2368 Quinrxsslno
585 2298 687 2364 Quam·
737 2300 907 2354 schiedenen
955 2300 1155 2371 Vernulagung
1200 2302 1300 2357 beiden

125 2382 211 2435 quam
234 2367 310 2422 enim
333 2369 444 2421 stetisse
461 2367 555 2435 ipsum
578 2370 626 2436 (sc.
645 2367 686 2422 ci·
737 2367 1005 2422 Persdnlichkeiten.

125 2439 264 2501 ceronem)
299 2435 329 2488 in
357 2435 426 2488 fasti
448 2435 474 2489 ὀ
507 2435 686 2504 eloquentiae
774 2443 813 2494 14.
824 2436 897 2503 qnod
906 2437 987 2505 giebt
995 2437 1050 2490 dan
1058 2435 1155 2491 Grund
1165 2438 1214 2492 des
1224 2439 1300 2492 arbi-

125 2501 229 2580 fateor,
251 2519 285 2557 ac
307 2503 356 2557 vix
378 2452 456 2569 quid
470 2502 543 2556 adici
560 2502 688 2571 potuerit
738 2504 836 2558 trabar
858 2503 947 2557 naher
970 2520 1019 2558 an:
1048 2504 1215 2560 Hortensius
1241 2522 1300 2559 war

124 2571 687 2708 auscultarentursset
736 2571 1299 2708 {sisterent{suscitabitur

127 2708 204 2770 (nam
231 2707 289 2764 fere
317 2706 356 2759 sic
379 2706 456 2760 docti
481 2707 685 2768 iudicaverunt,
738 2707 784 2761 ich
801 2707 831 2760 in
849 2706 908 2760 ihm
926 2707 1017 2775 (nicht
1033 2709 1063 2760 in
1076 2681 1169 2774 ¹Cotta)
1188 2710 1301 2764 meinen

125 2772 278 2839 plurimum
295 2773 370 2828 ineo
382 2775 529 2841 virtutum,
548 2790 603 2827 non
615 2774 688 2827 nihil
739 2774 929 2842 eigentlichen
951 2775 1069 2829 Rivalen
1095 2779 1194 2843 sehen,
1222 2778 1300 2831 nicht

126 2840 213 2895 fuisse
235 2842 380 2906 vitiorum,
409 2843 439 2896 et
461 2842 572 2910 seipse
595 2843 688 2895 multa
738 2859 792 2896 nur
810 2858 909 2910 wegen
931 2843 981 2896 der
1001 2843 1117 2898 inneren
1134 2845 1300 2898 Verwandt

128 2926 162 2964 ex
184 2910 302 2964 iuvenili
329 2909 503 2964 abundantia
530 2911 687 2964 coercuisse
740 2909 832 2962 subsit
857 2909 908 2962 mit
934 2910 992 2963 ihm
1022 2943 1051 2951 -
1078 2912 1125 2965 ich
1152 2913 1234 2966 stand
1260 2912 1300 2966 im

126 2979 259 3046 testatur)
279 2980 332 3031 etc.
548 3015 553 3048 ,
738 2977 827 3030 Feuer
842 2977 892 3029 der
905 2977 981 3032 Rede
994 2978 1052 3032 ihm
1064 2980 1161 3046 uther,
1181 2980 1222 3033 als
1236 2980 1300 3034 dem

159 3051 184 3098 5.
208 3046 320 3100 biennio
333 3050 398 3113 post
416 3045 455 3097 im
473 3043 498 3100 J.
512 3049 554 3096 77.
737 3045 867 3098 halteren
880 3043 964 3098 Cotta
974 3077 1016 3113 -,
1030 3047 1151 3101 sondern
1165 3049 1237 3101 auch
1249 3065 1299 3101 aus

161 3114 338 3169 scantatior
356 3112 550 3182 ‘geschulter’.
740 3113 804 3166 dem
817 3111 948 3166 tuiseren
961 3112 1085 3182 Grunde,
1102 3115 1167 3168 weil
1180 3114 1230 3168 der
1242 3114 1300 3168 Ab·

160 3187 183 3235 6.
216 3183 371 3248 deferverat
400 3181 480 3234 hatte
511 3180 570 3258 sich
603 3180 687 3300 abqe-
739 3179 822 3233 stand
835 3180 1300 3250 unseresbeiderseitigenIaebens·

126 3249 203 3303 islant
219 3257 278 3308 288.
308 3250 353 3303 Or.
368 3255 416 3304 107
434 3247 551 3312 Quantis
568 3247 620 3300 illa
632 3264 646 3300 c
660 3264 687 3300 a·
739 3247 826 3302 alters
845 3246 1021 3312 (Hortensius
1039 3265 1098 3302 war
1115 3267 1169 3302 nur
1186 3250 1300 3304 sthre

127 3317 253 3371 moribus
263 3316 467 3372 adulescentuli
477 3316 605 3381 diximus,
615 3331 687 3384 quae
740 3317 813 3370 tilter
830 3314 871 3369 als
890 3315 998 3384 Cicero)
1023 3317 1070 3370 bei
1091 3319 1204 3372 weitem
1222 3317 1301 3372 nicht

128 3400 307 3452 nequaquam
335 3386 402 3439 satis
425 3384 596 3438 defervuisse
622 3385 689 3453 post
739 3400 769 3437 so
797 3387 874 3451 greis
897 3401 967 3449 war,
995 3384 1036 3437 als
1058 3385 1106 3439 bei
1130 3387 1214 3440 Cotta
1240 3387 1301 3454 (der

129 3451 273 3519 aliquanto
293 3454 398 3506 sentire
416 3451 566 3520 coepimus.
741 3458 772 3506 18
784 3451 868 3522 Jahrp
887 3453 961 3506 alter
973 3469 1041 3517 war,
1060 3453 1102 3506 als
1115 3452 1232 3518 Cicero).
1260 3455 1300 3507 Zu
1346 3471 1349 3476 Δ

163 3524 186 3575 7,
217 3520 363 3574 mediocris
384 3520 495 3574 babitus
518 3520 570 3574 Die
599 3536 687 3588 ganne
739 3519 817 3574 einer
845 3520 1000 3588 Anderung
1029 3520 1078 3575 des
1113 3520 1300 3576 handschrift

128 3585 220 3640 Natnr
255 3604 313 3641 war
349 3588 602 3656 proportionierter
641 3603 688 3656 ge·
738 3587 832 3641 lichen
858 3587 934 3657 quod
955 3589 984 3640 in
1007 3589 1052 3642 cui
1075 3592 1115 3654 (so
1133 3589 1218 3659 Jahn)
1242 3607 1301 3644 war

128 3655 252 3712 worden.
739 3655 805 3708 kein
825 3653 926 3736 Grund
941 3656 1121 3736 verbanden..

127 3723 689 3870 Hbbtdiresiusaithnndisglllanlliihlidll
741 3723 1301 3871 scpp,delintgqssphptqpciltoewpqugpefqpq,

128 3875 170 3914 an
205 3878 245 3914 zu
280 3859 485 3915 erbleichen
521 3873 581 3911 vor
616 3858 688 3912 dem
740 3858 802 3912 dass
819 3859 983 3913 Hortensius
1001 3861 1074 3914 eben
1091 3876 1191 3928 wegcn
1209 3876 1300 3914 sesnes

129 3927 281 3982 anderen
326 3927 481 3992 Gestirn,
527 3926 586 3979 das
631 3925 688 3978 ihn
776 3929 884 3980 biseren
914 3927 1015 3982 Feners
1045 3928 1095 3982 der
1123 3928 1201 3982 Reda
1231 3929 1301 3981 iiber

129 3994 210 4048 bald
228 3996 291 4049 mit
308 3997 439 4050 seinem
451 3992 571 4047 Lichte
590 3994 690 4048 iiber-
764 3997 826 4048 otta
844 3995 899 4048 den
912 3995 957 4049 Sie
996 3996 1170 4064 daventrug,
1189 4011 1219 4048 so
1238 3995 1299 4049 dass

129 4062 261 4117 strahlt
277 4069 423 4120 cru-329.
742 4079 771 4116 es
790 4062 849 4116 also
868 4063 939 4116 auch
952 4011 1050 4116 darum
1068 4065 1113 4116 fiir
1125 4064 1221 4119 Cicero
1236 4062 1299 4116 dar-

164 4134 189 4186 9.
210 4133 282 4186 alter
300 4149 337 4186 sc.
356 4131 447 4186 Cotta.
742 4129 792 4183 auf
807 4130 920 4197 ankam,
938 4147 1019 4184 wenn
1038 4147 1069 4184 er
1087 4131 1136 4184 der
1154 4133 1226 4185 erste
1240 4132 1300 4184 sein

166 4202 205 4252 10.
258 4201 346 4268 oprts‘s
362 4198 451 4252 cerins
465 4198 691 4264 comprehendens
741 4198 852 4266 wollte,
877 4198 955 4251 nicht
977 4199 1033 4252 den
1057 4199 1152 4263 Cotta,
1179 4197 1300 4252 sondem

131 4267 184 4324 etc.
239 4284 252 4320 s
284 4267 434 4336 eutsprach
469 4265 574 4319 seinem
609 4266 689 4320 mehr
742 4266 796 4320 den
815 4266 981 4320 Hortensius
998 4283 1032 4320 au
1049 4266 1235 4336 iiberflsigeln.

129 4334 250 4404 rubigen
284 4334 343 4387 und
377 4335 542 4402 gelassenen
576 4333 689 4396 Wesen‚
774 4335 806 4388 ia
833 4335 932 4388 aedem
958 4335 1050 4390 causis
1077 4349 1119 4388 wo
1146 4335 1228 4389 beide
1259 4336 1300 4390 als
