3016 4846
527 265 670 321 neurus
688 271 730 332 ae,
748 271 807 321 212.
827 272 885 321 ma
915 272 957 323 ee.
1265 269 1325 332 145

152 424 306 488 educatos
328 442 424 504 quam
448 419 482 482 in
508 440 653 483 sermone
678 418 800 483 matris.
845 419 984 484 Auditus
1007 424 1056 485 est
1082 421 1174 486 nobis
1196 421 1326 486 Laeliae

155 508 190 574 C.
208 507 243 571 F.
260 526 355 588 saepe
378 526 495 568 sermo:
521 525 598 588 ergo
620 504 709 567 illam
731 504 832 586 patris
855 505 1025 590 elegantiae
1037 503 1173 571 tinctam
1189 507 1326 570 vidimus

155 597 188 657 et
210 592 292 655 filias
315 591 382 654 eius
403 587 526 654 Mucias
550 589 669 667 ambas,
694 610 828 672 quarum
850 610 954 653 sermo
976 591 1056 654 mihi
1078 592 1141 655 fuit
1162 595 1270 672 notus,
1294 595 1326 654 et

154 681 268 758 neptes
292 675 446 753 Licinias,
471 695 549 758 quas
572 694 630 737 nos
653 674 781 756 quidem
803 674 929 756 ambas,
959 676 1044 740 hanc
1067 697 1142 741 vero
1166 676 1325 759 Scipionis

74 783 77 788 ·
131 763 257 827 aenum
280 765 332 844 tu,
356 759 472 838 Brute,
495 758 605 836 credo,
631 757 803 841 aliquando
828 758 946 823 audisti
968 760 1164 844 loquentem.

241 845 313 928 Ego
335 864 411 908 vero
434 865 471 907 ac
493 843 641 907 lubenter
668 843 813 926 quidem,
840 843 947 926 inquit
969 845 1125 929 Baurus3
1154 849 1186 910 et
1212 867 1249 909 eo
1279 845 1325 909 lu·

153 931 300 1010 bentius,
324 929 408 1013 quod
431 927 466 992 L.
483 927 589 992 Crassi
611 931 681 991 erat
702 927 777 991 filia.
1001 931 1003 934 ’

239 1014 322 1090 Quid
337 1014 498 1093 Crassum,
521 1014 663 1094 inquam,
687 1012 778 1075 illum
807 1034 926 1096 censes,
948 1014 1040 1078 istius
1056 1014 1198 1079 Liciniae
1213 1015 1324 1099 filium,
1340 1026 1389 1074 212

155 1100 262 1165 Crassi
283 1103 476 1162 testamento
499 1097 553 1180 qui
574 1097 638 1161 fuit
659 1097 854 1181 adoptatus?

117 1205 142 1245 ιο
241 1182 371 1248 Summo
393 1183 453 1246 iste
477 1182 605 1266 quidem
627 1182 745 1246 dicitur
765 1181 899 1265 iugenio
921 1181 1029 1266 fuisse,
1051 1185 1173 1267 iaquit3
1196 1189 1229 1248 et
1250 1205 1326 1248 vero

154 1269 209 1333 hic
231 1266 354 1352 Scipi0,
384 1267 507 1351 collega
529 1289 636 1350 meus,
665 1267 745 1330 mihi
774 1289 851 1332 sane
873 1268 955 1332 bene
978 1273 1011 1332 et
1032 1269 1121 1353 loqui
1148 1269 1274 1333 videtur
1296 1272 1328 1334 et

156 1354 270 1418 dicere.
882 1416 885 1421 ,

239 1437 354 1514 Recte,
380 1437 529 1518 inquam,
552 1436 674 1500 iudicas
681 1484 689 1515 ,
714 1435 823 1504 Brute.
867 1437 998 1501 Etenim
1025 1437 1119 1508 istius
1146 1457 1250 1521 genus
1279 1443 1327 1502 est

156 1545 195 1587 ex
218 1523 319 1606 ipsius
341 1521 518 1605 sapientiae
540 1523 640 1604 stirpe
663 1525 862 1606 generatum.
898 1520 984 1586 Nam
1007 1526 1039 1586 et
1061 1514 1099 1586 cle
1119 1523 1243 1587 duobus
1259 1524 1328 1588 avis

116 1627 142 1667 re
157 1609 222 1672 iam
239 1607 385 1684 diximus,
403 1605 554 1688 Scipione
573 1610 606 1669 et
621 1605 737 1670 Crasso
752 1608 838 1671 etde
853 1607 957 1670 tribus
972 1608 1111 1690 proavis,
1130 1605 1168 1682 Q.
1186 1607 1327 1689 Metello,
1442 1647 1449 1662 ι

154 1693 243 1758 cuius
266 1696 419 1775 quattuor
439 1691 513 1771 filii,
537 1689 573 1754 P.
591 1689 756 1773 Scipione,
786 1692 839 1774 qui
869 1713 907 1755 ex
935 1693 1101 1756 dominatu
1124 1692 1173 1756 Ti.
1190 1692 1328 1757 Gracchi

154 1778 298 1861 privatus
326 1777 361 1840 in
389 1776 571 1839 libertatem
599 1797 668 1838 rem
697 1775 861 1859 publicam
889 1776 1078 1858 vindicavit,
1110 1774 1147 1852 Q.
1175 1775 1328 1841 Scaevola
1449 1843 1455 1850 ,

154 1883 293 1946 augure,
321 1862 376 1943 qui
405 1859 618 1944 peritissimus
646 1859 724 1924 iuris
751 1861 898 1944 idemque
926 1863 1084 1952 percomis
1113 1864 1162 1926 est
1188 1862 1327 1926 habitus.
1343 1822 1478 1916 wita..

155 1945 224 2012 Iam
247 1947 381 2009 duorum
403 1946 578 2009 abavorum
601 1966 696 2028 quam
720 1949 769 2009 est
790 1945 915 2009 illustre
936 1966 1071 2026 nomen,
1095 1947 1129 2010 P.
1154 1945 1325 2030 Scipionis,
1342 1959 1392 2007 213

114 2050 143 2090 ao
158 2031 212 2115 qui
235 2030 284 2094 bis
306 2029 418 2094 consul
440 2029 519 2110 fuit,
543 2029 597 2114 qui
620 2033 669 2093 est
691 2029 861 2095 Corculum
884 2029 1003 2105 dictus,
1031 2031 1162 2094 alterius
1185 2033 1328 2096 omnium

155 2115 404 2199 sapientissimi,
433 2113 469 2182 C.
490 2113 600 2178 Laelii.
629 2151 667 2161 —-
697 2114 725 2178 0
752 2135 956 2203 generosam,
983 2117 1102 2198 inquit,
1137 2117 1269 2200 stippem
1297 2121 1330 2180 et

155 2206 320 2284 tamquam
342 2200 378 2263 in
400 2221 497 2262 unam
520 2199 665 2264 arborem
687 2199 781 2282 plura
803 2220 932 2284 genera,
956 2201 1002 2264 sic
1024 2201 1059 2264 in
1080 2200 1175 2264 istam
1198 2201 1329 2265 domum

155 2286 330 2350 multorum
352 2285 482 2348 insitam
498 2287 595 2367 atque
610 2283 755 2348 innatam
771 2285 978 2368 sapientiam!
999 2321 1033 2331 —
1052 2285 1207 2350 Similiter
1221 2288 1322 2370 igitur
1336 2287 1382 2352 59

154 2436 293 2491 vielmehr
323 2437 352 2488 in
377 2435 428 2489 der
455 2435 595 2503 geistigen
619 2434 717 2503 Pflege
804 2440 845 2490 16.
867 2436 948 2490 cuiue
965 2441 1097 2504 quattuor
1112 2438 1168 2506 filii
1185 2437 1227 2490 als
1243 2437 1330 2492 kurze

155 2504 206 2558 der
221 2503 366 2573 taglichen
378 2503 590 2571 Unterhaltung
602 2503 656 2557 mit
668 2504 718 2558 der
769 2503 1004 2573 Zurtickwcisung
1017 2504 1067 2558 auf
1076 2511 1122 2570 813
1138 2505 1188 2559 des
1200 2505 1330 2560 Zusatues

155 2571 272 2630 Muttcr.
297 2571 361 2641 Vgl.
373 2572 441 2625 Tae.
453 2570 520 2628 dial.
539 2571 574 2625 de
593 2585 633 2623 or.
649 2587 672 2624 c.
684 2577 717 2625 28
769 2572 930 2626 consulares
947 2572 1029 2639 (Phil.
1041 2572 1108 2627 Vlll
1120 2573 1162 2641 14)
1181 2573 1284 2628 bedarf
1299 2589 1329 2628 es

155 2639 230 2694 Nam
247 2638 358 2707 pridem
376 2655 442 2692 suus
465 2638 567 2706 cuique
590 2639 663 2691 filius
682 2654 717 2691 ex
769 2639 886 2694 deshalb
904 2639 966 2693 hier
978 2640 1054 2694 wohl
1064 2641 1150 2696 nicht.
1168 2641 1252 2700 Tusc.
1268 2643 1331 2696 185.

156 2709 236 2762 easta
252 2710 370 2774 parente
388 2709 472 2760 natus
489 2722 546 2760 non
566 2705 595 2758 in
614 2706 718 2760 cellula
802 2714 843 2761 22.
862 2709 952 2774 pluro
969 2724 1070 2776 persero
1090 2709 1144 2763 wie
1162 2709 1232 2768 Plin.
1252 2728 1279 2763 n.
1299 2709 1329 2764 h.

155 2776 270 2844 emptae
281 2775 407 2836 nutricis,
426 2774 476 2828 sed
488 2773 596 2843 gremio
608 2789 641 2826 ac
655 2775 717 2827 sinu
767 2774 847 2828 XVII
866 2781 913 2842 16,
931 2781 964 2828 26
986 2793 1042 2830 von
1065 2776 1156 2830 ciuem
1173 2777 1264 2830 Baum
1287 2793 1329 2830 er·

154 2841 254 2896 matris
267 2842 450 2904 educabatur,
470 2842 549 2894 cuius
564 2841 720 2910 praecipua
771 2842 859 2896 zahlt:
887 2843 943 2896 Tot
960 2843 1050 2897 modis
1067 2844 1183 2898 insitam
1200 2846 1330 2899 arborem

154 2909 217 2964 laus
236 2913 297 2965 erat
314 2911 389 2964 tueri
406 2911 520 2986 domum
540 2911 569 2963 et
584 2908 719 2963 inservire
770 2910 941 2964 vidimus-
960 2912 1038 2964 omni
1060 2927 1209 2979 pomorum
1227 2928 1330 2982 genere

153 2977 260 3032 liberis.
284 3007 317 3016 -
341 2977 387 3031 Sic
407 2976 565 3032 Corneham
583 2975 720 3030 Graccho·
771 2979 914 3040 onustam,
938 2977 993 3031 alio
1014 2994 1094 3033 ramo
1117 2980 1247 3046 nucibus,
1274 2980 1330 3034 alio

153 3063 217 3099 rum
229 3075 262 3124 χ-
281 3045 440 3114 praefuisse
459 3044 719 3098 educationibus-
770 3045 860 3123 bacis,
879 3045 992 3100 aliunde
1004 3046 1070 3112 vite,
1083 3047 1161 3125 piris,
1178 3046 1237 3100 ficis
1249 3048 1331 3126 puni·

153 3130 354 3236 atipt'tlta
373 3179 408 3234 a
427 3195 467 3259 a,
485 3178 513 3259 p
531 3185 573 3258 a.
771 3113 1188 3260 tltttttuttttttt·
1205 3115 1332 3260 ibit?

189 3257 214 3302 4.
242 3249 314 3302 boae
334 3263 398 3302 cero
420 3247 563 3315 Scapronra
589 3264 625 3301 sc.
652 3263 720 3300 uxo·
771 3266 850 3318 nung
867 3250 987 3303 braucht
1002 3249 1331 3305 mannanhrerkemes-

154 3332 225 3381 rem,
237 3318 290 3370 wie
303 3314 382 3384 Virg.
395 3316 464 3370 Aen.
478 3314 578 3370 111319
591 3314 720 3368 Hectoris
770 3315 836 3370 falls
861 3335 895 3370 au
923 3316 1045 3382 denken‚
1075 3317 1196 3371 eundern
1224 3335 1259 3372 an
1287 3319 1332 3372 die
1399 3309 1411 3330 ⁸

154 3383 352 3437 Andromache
376 3383 445 3436 oder
468 3382 518 3436 auf
535 3383 719 3437 Insohriften:
771 3399 842 3454 ganz
862 3384 1056 3454 gewbhnliche
1074 3385 1247 3452 Erfahrung,
1271 3387 1333 3440 dale

154 3450 294 3504 Caeciliae
313 3449 345 3516 Q.
365 3450 467 3505 Cretici
487 3449 563 3505 filiae
581 3449 716 3505 Metellae
771 3451 823 3504 auf
843 3452 897 3506 den
923 3451 1004 3506 einen
1022 3452 1131 3507 Stamm
1154 3454 1231 3507 eines
1250 3454 1332 3508 Obst-

154 3517 257 3572 Crassi.
772 3519 871 3574 baums
899 3521 1029 3575 mehrere
1059 3520 1159 3575 Sorten
1188 3521 1334 3592 gepfropft

191 3592 231 3638 11.
254 3585 357 3654 eollepo
373 3584 413 3637 im
430 3584 591 3640 Pontifikat.
648 3642 649 3645 ,
768 3587 889 3644 werden.

188 3653 253 3708 benc
280 3653 357 3721 loqui
383 3653 445 3706 eine
473 3657 553 3720 gnte,
584 3653 719 3709 luorrekte
804 3661 845 3710 23.
864 3657 980 3711 insitam
998 3661 1027 3710 at
1046 3673 1081 3712 ae
1097 3657 1228 3711 iunctam
1246 3657 1282 3710 So
1295 3657 1334 3712 ist

154 3720 331 3790 Aussprache
349 3720 457 3786 haben,
482 3723 547 3776 berre
567 3722 656 3776 dicere
674 3721 719 3776 ein
791 3722 869 3777 ewil's
877 3742 912 3777 zu
922 3727 1009 3778 lesen.
1065 3724 1092 3780 ie
1105 3725 1156 3779 auf
1164 3724 1219 3779 den
1232 3727 1334 3779 einen

154 3791 239 3858 guter
256 3789 370 3844 Redner
386 3789 454 3842 sein.
602 3857 607 3868 ι
770 3739 879 3844 Stamm
901 3792 1088 3860 Pfropt‘reieer
1111 3807 1167 3846 von
1192 3792 1333 3847 verschie-

190 3865 230 3916 14.
250 3857 387 3926 carpam
403 3857 656 3926 sapientiaestarpc
669 3872 718 3911 aus
771 3859 861 3912 denen
889 3859 1017 3914 Btumen
1044 3860 1190 3928 gepfropft
1218 3860 1333 3914 werden

154 3924 219 3980 dem
251 3926 359 3980 Stamm
397 3924 447 3979 der
481 3923 719 3994 personifizierten
770 3925 827 3979 und
846 3942 883 3980 an
899 3927 1005 3983 diesem
1017 3926 1122 3982 Frucht
1141 3927 1204 3982 brin
1226 3944 1269 3992 en,
1288 3927 1334 3980 die

154 3992 294 4047 Weisheit
316 3995 508 4062 entsprosscn,
537 4007 573 4044 an
600 3991 665 4046 dem
687 4008 718 4046 so
769 3994 1203 4050 nundiel'ruchtdieeeseinen
1238 4011 1334 4049 aumes

154 4059 227 4114 viele
245 4061 398 4130 sapientes,
416 4076 467 4114 vor
485 4060 569 4113 allam
581 4059 650 4124 aber
669 4059 719 4114 der
769 4061 819 4114 iet:
843 4078 873 4116 so
897 4063 959 4116 sind
976 4064 1006 4117 in
1024 4063 1074 4118 das
1093 4063 1170 4117 eine
1188 4063 1266 4117 Haus
1288 4063 1333 4116 die

154 4143 266 4249 ppppgpp
275 4126 337 4184 κατ’
345 4123 457 4199 ἐξοχήν,
472 4127 582 4182 Laelius
592 4126 719 4197 Sapiens,
770 4129 956 4252 {offiilffmim
969 4131 1024 4251 Bder
1042 4131 1184 4252 eleplentia
1206 4146 1264 4251 stirp1
1267 4146 1334 4253 pert-

268 4213 326 4251 sen.
820 4214 846 4253 re
869 4215 940 4253 enen
993 4215 1108 4252 amiran
1143 4215 1224 4253 erne
1284 4216 1318 4252 nu

188 4278 318 4331 penue—
335 4268 496 4334 promotum
513 4263 586 4317 nach
603 4263 655 4317 der
671 4263 719 4318 be·
770 4266 828 4319 und
845 4266 942 4322 bilden
964 4283 1022 4320 nun
1040 4266 1086 4320 die
1111 4215 1332 4332 einegFlimilie,

153 4330 280 4384 kanntcn
298 4331 391 4399 figura
409 4330 606 4400 etymologica.
772 4332 823 4388 der
854 4335 899 4389 die
929 4334 1069 4403 sapientia
1098 4335 1259 4404 angeboren
1287 4336 1336 4390 iet.

211 4427 260 4468 cro.
276 4427 354 4468 Banu.
384 4425 406 4469 8ss
421 4428 483 4469 Aufl.
1086 4427 1120 4476 10
