3016 4846
603 238 884 308 mmmm
1268 246 1330 310 m

156 395 256 460 miror
278 416 438 459 summum
463 394 568 479 ipsum
597 395 758 458 oratorem
785 393 980 479 minimeque
1007 395 1151 480 ineptum
1176 396 1328 460 Aelianas

156 481 243 545 leves
266 480 481 544 oratiunculas
504 478 640 542 voluisse
663 478 839 542 existimari
855 501 937 543 suas.
975 478 1035 544 His
1052 483 1174 546 duobus
1190 482 1330 546 eiusdem
1345 485 1389 552 57

157 565 272 630 aetatis
295 563 567 629 adnumerabatur
595 585 690 627 nemo
720 563 850 643 tertius,
879 564 933 628 sed
962 563 1041 628 mihi
1067 565 1215 649 placebat
1237 567 1333 631 Pem-

155 651 273 734 ponius
289 649 428 714 maxime
442 649 494 712 vel
510 648 613 713 dioam
629 650 761 712 minime
773 648 974 732 displioebat.
998 649 1099 714 Loous
1113 655 1183 715 erat
1195 652 1328 717 omnino

129 738 190 799 ein
213 735 360 799 maximis
383 734 486 798 causis
508 737 637 817 praeter
658 753 729 815 eos,
758 733 797 796 de
820 734 935 816 quibus
963 735 1164 818 supradixi,
1193 737 1328 816 nemini,

154 825 323 904 propterea
349 818 434 903 quod
458 818 636 899 Antonius,
665 817 721 900 qui
749 818 887 882 maxime
909 820 1134 904 expetebatur,
1162 820 1266 885 facilis
1294 822 1329 885 in

154 905 258 970 oausis
286 903 477 988 recipiendis
506 906 589 986 erat3
621 901 819 968 fastidiosior
847 903 997 981 Crassus,
1027 904 1082 968 sed
1111 909 1220 969 tamen
1247 907 1326 970 reei-

153 990 277 1074 piabat,
300 991 414 1052 horum
436 993 490 1072 qui
511 990 661 1052 neutrum
675 987 831 1069 habebat,
855 988 1065 1073 confugiebat
1079 990 1118 1053 ad
1141 989 1327 1074 Philippum

154 1075 223 1138 fere
251 1077 307 1137 aut
335 1074 374 1137 ad
403 1072 588 1152 Gaesarem,
617 1077 684 1136 tim
713 1071 807 1137 Cotta
834 1076 868 1137 et
894 1071 1055 1157 Sulpicius
1082 1076 1327 1158 expetebantur.

117 1175 142 1214 1⁰
154 1158 206 1223 Ita
227 1158 267 1222 ab
289 1159 340 1221 his
363 1179 418 1222 sex
440 1157 586 1240 patronis
610 1178 723 1221 causae
744 1157 886 1222 illustres
909 1159 1104 1243 agebantu13
1132 1180 1238 1244 neque
1259 1165 1328 1224 tam

156 1244 272 1320 multa,
302 1264 398 1326 quam
411 1245 535 1326 ,bostra
561 1245 672 1306 aetate.
693 1242 811 1306 iudicia
837 1242 973 1321 fiebant,
1001 1265 1108 1328 neque
1135 1244 1214 1327 hoe,
1243 1246 1327 1328 quod

155 1349 243 1393 nuno
270 1328 324 1410 fit,
353 1332 390 1391 ut
419 1347 532 1391 causae
559 1327 705 1411 singulae
735 1326 983 1392 defenderentur
1015 1351 1034 1393 a
1067 1330 1229 1413 pluribus,
1262 1351 1326 1414 quo

153 1412 237 1477 nihil
260 1416 308 1476 est
329 1412 485 1476 vltiosius.
529 1410 771 1495 Respondemus
793 1414 853 1496 eis,
877 1434 958 1496 quos
979 1435 1047 1478 non
1070 1413 1267 1478 audivimus:
1290 1415 1325 1478 in
1344 1429 1395 1479 208

154 1519 216 1583 quo
243 1498 380 1581 primum
409 1518 503 1580 saepe
531 1496 625 1560 aliter
652 1498 701 1561 est
729 1497 866 1580 dietum,
894 1498 988 1562 aliter
1015 1498 1056 1561 ad
1084 1520 1144 1563 nos
1173 1500 1325 1578 relatum3

116 1592 141 1633 1⁶
155 1583 270 1646 deinde
292 1582 404 1665 magni
426 1583 562 1645 interest
583 1602 690 1645 eoram
714 1582 821 1646 videre
843 1603 910 1662 me,
935 1582 1200 1666 quemadmodum
1216 1584 1328 1648 adver-

155 1668 258 1732 sarius
280 1667 319 1731 de
341 1687 466 1751 quaque
487 1687 521 1730 re
545 1665 725 1750 adseverat,
750 1667 887 1730 maxime
909 1673 1033 1751 autem,
1061 1668 1330 1751 quemadmodum

154 1773 298 1836 quaeque
320 1773 371 1815 res
393 1751 551 1815 audiatur.
590 1751 659 1815 ‘Sed
681 1751 765 1816 nihil
790 1752 952 1836 vitiosius,
984 1774 1097 1836 quam,
1127 1773 1200 1817 eum
1227 1775 1329 1818 unum

189 1945 212 1994 1.
235 1937 350 1990 minime
367 1951 402 1990 aa
423 1937 549 2005 ineptam
571 1936 621 1990 der
644 1935 716 1990 doeh
769 1938 852 2002 aber,
888 1937 929 1991 als
959 1936 1082 1990 ntmlieh
1114 1937 1160 1992 die
1189 1937 1330 1992 Bluteaeit

154 2008 233 2059 sonet
250 2005 304 2058 den
322 2004 362 2057 ric
382 2004 462 2072 tigen
474 2004 641 2059 Tahthatte
659 2003 716 2057 und
769 2005 862 2059 dieser
880 2004 983 2059 beiden
1001 2005 1113 2058 eintrat.

154 2072 292 2126 durohaus
323 2071 402 2124 nieht
437 2071 510 2126 ohne
540 2071 716 2126 Gesohmaek
803 2073 999 2141 repetebantur
1016 2073 1062 2127 die
1073 2072 1193 2150 linger,
1211 2074 1265 2127 wie
1283 2072 1329 2127 die

153 2140 212 2197 und
230 2139 322 2193 Urteil
339 2156 406 2193 war.
438 2139 660 2197 deor.1117f.
768 2141 892 2208 Meister,
911 2158 966 2194 nur
984 2139 1061 2194 diese
1075 2156 1204 2202 maxime,
1222 2141 1262 2192 im
1275 2140 1329 2194 Ge-

187 2216 212 2286 2.Ι
240 2209 314 2285 zena,
332 2223 388 2261 von
411 2207 558 2287 geringem
580 2206 715 2274 Gewioht,
767 2211 883 2278 gensatz
906 2226 941 2261 au
963 2209 1047 2262 eonfu
1070 2207 1153 2262 'ebat
1189 2207 1238 2260 Sul
1259 2208 1329 2262 icius

152 2293 233 2398 parm
256 2277 349 2396 lugi&
377 2274 450 2328 ‘dass
477 2275 522 2330 dre
549 2275 715 2330 schwaehen
768 2277 825 2330 und
861 2276 945 2331 Cotta
982 2278 1103 2330 stenen
1143 2276 1202 2329 also
1239 2225 1260 2328 h

1262 2275 1330 2330 dher

175 2344 246 2397 rodu
268 2347 297 2397 te
340 2359 371 2396 er
393 2343 593 2397 Aelianisehen
611 2343 712 2397 Bered-
765 2345 806 2398 als
819 2345 864 2398 die
879 2344 983 2399 beiden
998 2343 1327 2412 daawisohenliegenden

151 2411 273 2467 samkeit
289 2411 336 2464 fiir
352 2410 429 2465 aeine
444 2410 581 2465 Arbeiten
594 2412 710 2480 gelten’.
766 2412 890 2470 Redner.

184 2480 337 2532 Kuraer
372 2478 606 2533 Riiokbliok
634 2481 712 2533 und
799 2478 1327 2549 12.aplwribasDiessteigertasieh

151 2546 521 2615 Sohlussbemerlrung:
561 2546 591 2600 iu
627 2548 712 2602 wioh-
762 2548 888 2602 hernach
915 2549 1016 2601 immor
1042 2547 1129 2601 mehr.
1167 2549 1270 2602 Asson.
1296 2549 1326 2600 in

150 2616 230 2681 tigeu
260 2615 369 2668 Saehen
404 2615 516 2669 wandte
551 2631 617 2669 man
652 2614 712 2669 siah
764 2615 859 2670 Seaur.
878 2633 905 2684 p.
925 2622 958 2670 20
982 2615 1170 2670 defenderunt
1188 2614 1326 2669 Scaurum

152 2682 262 2750 (ndohst
276 2682 628 2750 denviervorgenannten
641 2685 711 2738 alte-
764 2701 813 2738 sex
841 2685 968 2753 patroni,
999 2700 1062 2737 eum
1091 2683 1128 2738 ad
1156 2682 1187 2736 id
1215 2683 1327 2750 tempus

150 2766 201 2804 ren
221 2749 547 2872 Zeitgenosserplreinzig
568 2767 605 2804 an
628 2751 712 2806 Cotta
761 2766 826 2806 raro
839 2752 989 2820 quisquam
1001 2751 1127 2820 pluribus
1140 2767 1226 2817 quam
1241 2754 1324 2830 quat·

150 2818 208 2871 und
226 2818 375 2886 Sulpicius.
447 2817 530 2872 eilioh
551 2834 647 2873 waren
665 2819 710 2874 die
761 2823 827 2873 tuor
844 2820 984 2882 meretum
1008 2819 1038 2872 at
1054 2820 1120 2887 post
1138 2818 1213 2872 bella
1231 2818 1325 2872 ervilia

150 2885 465 2940 Geriohtsverh'sltnisse
494 2885 603 2940 damals
638 2888 710 2942 aueh
762 2889 829 2941 ante
859 2887 954 2954 legem
983 2885 1086 2940 Iuliam
1114 2887 1150 2940 ad
1181 2886 1324 2940 duodenos

149 2954 223 3008 noeh
241 2954 390 3008 einsaoher.
410 2959 555 3008 207-210.
761 2956 896 3024 patronos
913 2960 957 3008 est
973 2955 1149 3022 perventum.

182 3029 207 3080 4.
241 3023 283 3076 ael
313 3022 405 3076 dieam
440 3021 485 3076 die
516 3020 710 3089 gewdhnlioha
797 3029 837 3081 13.
869 3037 936 3091 quos
964 3036 1022 3075 aon
1051 3021 1212 3075 audivimas
1242 3037 1324 3074 weun

149 3089 234 3144 Form
257 3090 308 3144 der
330 3089 548 3154 correctione,
573 3090 611 3144 ad
632 3089 709 3145 Fam.
762 3091 867 3145 andere
881 3089 1041 3154 Gesohafte,
1060 3091 1114 3142 wie
1128 3089 1157 3140 in
1171 3089 1221 3141 dar
1233 3087 1324 3156 Regel

149 3158 189 3213 IV
208 3165 233 3226 7,
252 3166 267 3213 3
285 3156 389 3212 Fateor
407 3173 426 3210 a
441 3156 584 3226 plerisque
603 3159 650 3211 vel
669 3157 710 3210 di·
763 3160 813 3212 der
830 3158 891 3211 Fall
909 3157 958 3221 ist,
983 3172 1012 3210 es
1034 3155 1200 3210 verhindert
1220 3156 1322 3218 haben,

150 3242 212 3280 eam
230 3227 266 3280 ab
285 3224 415 3278 omnibus
428 3225 539 3296 sapiens
552 3229 633 3278 tuum
645 3241 710 3279 eon·
763 3227 817 3280 alle
830 3224 957 3293 Angriffe
974 3224 1025 3277 der
1037 3223 1150 3293 Gegner
1168 3223 1257 3276 selbst
1273 3222 1326 3276 mit

150 3293 255 3358 silium,
284 3310 302 3348 a
323 3293 417 3346 multis
441 3293 528 3347 etiam
554 3294 652 3363 magni
678 3310 712 3347 aa
763 3295 934 3348 anzuhdren.

149 3361 230 3415 fortis
248 3361 335 3415 animi
352 3361 520 3414 iudicatum!
800 3367 838 3418 15.
862 3376 954 3416 eoram
972 3359 1143 3428 persdnlioh.

185 3433 208 3484 6.
226 3427 662 3498 facilisgeiallig,bereitwillig;
680 3445 712 3484 er
799 3435 838 3484 17.
867 3429 1007 3483 audiatur
1031 3428 1138 3481 welche
1165 3425 1325 3481 Aufnahme

151 3495 251 3566 schlug
267 3498 346 3550 nieht
363 3495 449 3550 leieht
467 3497 518 3550 das
536 3513 572 3550 an
594 3497 643 3550 ihn
662 3513 709 3564 ge·
763 3497 823 3550 dies
836 3497 904 3551 oder
915 3495 966 3549 das
980 3496 1055 3548 beim
1065 3495 1217 3548 Publikum
1228 3493 1325 3553 findet.

151 3563 245 3618 stellte
275 3563 417 3617 Ersuchen
447 3564 493 3618 ab.
535 3564 714 3631 fastidiosior
797 3564 853 3618 Sed
870 3564 943 3618 nihil
959 3563 1088 3618 vitiosius
1106 3563 1156 3616 Ala
1175 3561 1327 3618 dasAller·

151 3631 363 3695 w'ahlerischem
387 3647 418 3685 er
435 3632 520 3686 nahm
538 3648 612 3686 zwar
634 3633 714 3686 nieht
764 3631 976 3687 bedenkliohste
1002 3631 1071 3684 aber
1093 3631 1171 3685 stellt
1193 3631 1253 3684 siah
1279 3631 1326 3697 da,

153 3700 235 3753 ’eden
253 3699 366 3753 Proseis
384 3716 429 3765 au,
447 3701 515 3755 aber
533 3703 587 3756 eto.
616 3701 710 3754 deor.
764 3716 808 3755 wo
832 3700 961 3754 mehrere
984 3698 1097 3753 Reduer
1119 3698 1329 3753 uaoheinander

146 3718 163 3822 l
184 3773 231 3823 118
254 3784 341 3834 quam
362 3784 451 3838 prope
473 3768 617 3823 fastidiose
639 3768 712 3821 iudi·
763 3769 793 3822 in
811 3769 889 3822 einer
907 3768 966 3820 und
986 3767 1136 3822 derselben
1154 3766 1244 3820 Saohe
1268 3766 1328 3819 auf·

150 3840 257 3890 eamusl
762 3837 871 3902 treten,
895 3835 1011 3902 heraus,
1039 3833 1101 3888 dass
1128 3833 1253 3887 daduroh
1281 3832 1327 3886 die

152 3904 326 4027 Hirpopaasis
342 3905 511 3974 recipiendis
531 3909 593 3970 155,
616 3902 652 3958 de
671 3920 709 3960 or.
763 3903 878 4025 {lingat
895 3903 946 4025 pgr
959 3901 1250 4023 ggssigihiffiffi'sffie
1266 3916 1285 4020 1e1
1286 3916 1302 4021 p
1303 3917 1328 4020 p

249 4013 256 4026 .
783 3989 797 4024 r
837 3988 895 4025 mse
934 3989 946 4024 s
1022 3989 1036 4023 a
1239 4009 1247 4037 ‚

185 4044 209 4093 8.
227 4041 342 4095 habebat
354 4039 494 4094 ‘erhalteu
507 4039 634 4093 konnte’.
654 4044 713 4094 239.
766 3988 880 4108 wegndig
892 4039 1000 4107 gestdrt
1012 4037 1081 4091 oder
1098 4037 1234 4090 aerrissen
1247 4034 1326 4088 wird.
1398 4105 1404 4110 .

187 4112 209 4160 9.
229 4113 289 4162 tam
306 4110 344 4162 ist
357 4107 590 4162 wahrseheinlioh
607 4106 638 4159 in
658 4107 714 4160 den
766 4108 815 4161 Ale
833 4107 1011 4175 organisohes
1024 4104 1218 4159 einheitHohes
1232 4102 1328 4156 Ganze

153 4173 203 4227 Hs.
229 4175 323 4230 hinter
352 4175 501 4230 Caesarem
531 4191 581 4228 aus
603 4174 714 4240 afallen,
767 4173 1170 4241 sollsienureinenEingan
1204 4171 1261 4224 und
1275 4188 1329 4223 nur

155 4243 230 4294 deun
254 4242 300 4296 die
319 4243 504 4314 Reiheniolge
525 4244 555 4296 iu
578 4191 628 4296 iar
649 4244 715 4296 Aui·
768 4242 867 4297 einen
879 4189 1328 4321 §chlusshabenundiiedaawi·

157 4309 279 4379 zahlung
307 4311 344 4364 iat
373 4312 436 4366 eine
466 4310 609 4365 zeitliehe:
640 4312 715 4365 daun
768 4310 1015 4378 sohenhegenden
1032 4309 1111 4363 Terle
1125 4307 1199 4361 naoh
1217 4323 1327 4362 ernam
