<?xml version="1.0" encoding="UTF-8"?>
<!DOCTYPE html PUBLIC "-//W3C//DTD XHTML 1.0 Transitional//EN"
    "http://www.w3.org/TR/xhtml1/DTD/xhtml1-transitional.dtd">
<html xmlns="http://www.w3.org/1999/xhtml" xml:lang="en" lang="en">
 <head>
  <title>
</title>
<meta http-equiv="Content-Type" content="text/html;charset=utf-8" />
  <meta name='ocr-system' content='tesseract 3.04.00' />
  <meta name='ocr-capabilities' content='ocr_page ocr_carea ocr_par ocr_line ocrx_word'/>
</head>
<body>
  <div class='ocr_page' id='page_1' title='image "./cicerosbrutus00pidegoog_0087.png"; bbox 0 0 3050 4848; ppageno 0'>
   <div class='ocr_carea' id='block_1_1' title="bbox 498 176 1349 260">
    <p class='ocr_par' dir='ltr' id='par_1_1' title="bbox 498 176 1349 260">
     <span class='ocr_line' id='line_1_1' title="bbox 498 176 1349 260; baseline 0.025 -20"><span class='ocrx_word' id='word_1_1' title='bbox 498 187 667 250; x_wconf 72' lang='lat' dir='ltr'>‚BRUTUS</span> <span class='ocrx_word' id='word_1_2' title='bbox 688 194 788 258; x_wconf 79' lang='lat'><strong>15,61.</strong></span> <span class='ocrx_word' id='word_1_3' title='bbox 820 196 860 257; x_wconf 84' lang='lat' dir='ltr'><strong>ic,</strong></span> <span class='ocrx_word' id='word_1_4' title='bbox 880 196 919 244; x_wconf 77' lang='lat' dir='ltr'><strong>aa.</strong></span> <span class='ocrx_word' id='word_1_5' title='bbox 1270 193 1310 260; x_wconf 79' lang='lat'><strong>75</strong></span> <span class='ocrx_word' id='word_1_6' title='bbox 1345 176 1349 182; x_wconf 38' lang='lat'>¹</span> 
     </span>
    </p>
   </div>
   <div class='ocr_carea' id='block_1_2' title="bbox 55 341 1357 2292">
    <p class='ocr_par' dir='ltr' id='par_1_2' title="bbox 107 341 1310 1023">
     <span class='ocr_line' id='line_1_2' title="bbox 139 341 1310 428; baseline 0 -17"><span class='ocrx_word' id='word_1_7' title='bbox 139 346 234 411; x_wconf 88' lang='lat' dir='ltr'><strong>unius</strong></span> <span class='ocrx_word' id='word_1_8' title='bbox 257 349 341 410; x_wconf 87' lang='lat' dir='ltr'><strong>esset</strong></span> <span class='ocrx_word' id='word_1_9' title='bbox 356 343 456 408; x_wconf 80' lang='lat' dir='ltr'><strong>Ennii</strong></span> <span class='ocrx_word' id='word_1_10' title='bbox 478 341 664 407; x_wconf 89' lang='lat' dir='ltr'><strong>testimonio</strong></span> <span class='ocrx_word' id='word_1_11' title='bbox 686 343 860 426; x_wconf 81' lang='lat' dir='ltr'><strong>cognitum,</strong></span> <span class='ocrx_word' id='word_1_12' title='bbox 884 342 970 407; x_wconf 89' lang='lat' dir='ltr'><strong>hunc</strong></span> <span class='ocrx_word' id='word_1_13' title='bbox 993 345 1146 428; x_wconf 84' lang='lat' dir='ltr'><strong>vetustas,</strong></span> <span class='ocrx_word' id='word_1_14' title='bbox 1169 349 1206 410; x_wconf 92' lang='lat' dir='ltr'><strong>ut</strong></span> <span class='ocrx_word' id='word_1_15' title='bbox 1228 345 1310 411; x_wconf 82' lang='lat' dir='ltr'><strong>alios</strong></span> 
     </span>
     <span class='ocr_line' id='line_1_3' title="bbox 134 425 1309 514; baseline 0.001 -19"><span class='ocrx_word' id='word_1_16' title='bbox 134 431 273 496; x_wconf 75' lang='lat' dir='ltr'><strong>&#39;fortasse</strong></span> <span class='ocrx_word' id='word_1_17' title='bbox 299 429 433 507; x_wconf 83' lang='lat' dir='ltr'><strong>multos,</strong></span> <span class='ocrx_word' id='word_1_18' title='bbox 463 425 624 492; x_wconf 79' lang='lat' dir='ltr'><strong>obliviorle</strong></span> <span class='ocrx_word' id='word_1_19' title='bbox 653 426 820 492; x_wconf 88' lang='lat' dir='ltr'><strong>obruisset.</strong></span> <span class='ocrx_word' id='word_1_20' title='bbox 865 427 954 491; x_wconf 88' lang='lat' dir='ltr'><strong>Illius</strong></span> <span class='ocrx_word' id='word_1_21' title='bbox 983 433 1090 493; x_wconf 87' lang='lat' dir='ltr'><strong>autem</strong></span> <span class='ocrx_word' id='word_1_22' title='bbox 1117 431 1231 494; x_wconf 84' lang='lat' dir='ltr'><strong>aetatis</strong></span> <span class='ocrx_word' id='word_1_23' title='bbox 1253 431 1309 514; x_wconf 93' lang='lat' dir='ltr'><strong>qui</strong></span> 
     </span>
     <span class='ocr_line' id='line_1_4' title="bbox 137 510 1309 596; baseline -0.001 -16"><span class='ocrx_word' id='word_1_24' title='bbox 137 537 241 580; x_wconf 90' lang='lat' dir='ltr'><strong>sermo</strong></span> <span class='ocrx_word' id='word_1_25' title='bbox 262 515 362 579; x_wconf 85' lang='lat' dir='ltr'><strong>fuerit</strong></span> <span class='ocrx_word' id='word_1_26' title='bbox 391 535 431 577; x_wconf 86' lang='lat' dir='ltr'><strong>ex</strong></span> <span class='ocrx_word' id='word_1_27' title='bbox 452 511 628 577; x_wconf 84' lang='lat' dir='ltr'><strong>Naevianis</strong></span> <span class='ocrx_word' id='word_1_28' title='bbox 651 510 779 595; x_wconf 87' lang='lat' dir='ltr'><strong>seriptis</strong></span> <span class='ocrx_word' id='word_1_29' title='bbox 800 512 946 596; x_wconf 76' lang='lat' dir='ltr'>intellegi</span> <span class='ocrx_word' id='word_1_30' title='bbox 975 516 1093 596; x_wconf 88' lang='lat' dir='ltr'><strong>potest.</strong></span> <span class='ocrx_word' id='word_1_31' title='bbox 1139 513 1199 578; x_wconf 88' lang='lat' dir='ltr'><strong>His</strong></span> <span class='ocrx_word' id='word_1_32' title='bbox 1223 517 1309 579; x_wconf 90' lang='lat' dir='ltr'><strong>enim</strong></span> 
     </span>
     <span class='ocr_line' id='line_1_5' title="bbox 137 597 1307 682; baseline -0.003 -16"><span class='ocrx_word' id='word_1_33' title='bbox 137 600 331 679; x_wconf 87' lang='lat' dir='ltr'><strong>consulibus,</strong></span> <span class='ocrx_word' id='word_1_34' title='bbox 354 601 391 662; x_wconf 92' lang='lat' dir='ltr'><strong>ut</strong></span> <span class='ocrx_word' id='word_1_35' title='bbox 412 598 448 662; x_wconf 90' lang='lat' dir='ltr'><strong>in</strong></span> <span class='ocrx_word' id='word_1_36' title='bbox 470 597 630 661; x_wconf 86' lang='lat' dir='ltr'><strong>veteribus</strong></span> <span class='ocrx_word' id='word_1_37' title='bbox 654 598 890 662; x_wconf 79' lang='lat' dir='ltr'><strong>commentariis</strong></span> <span class='ocrx_word' id='word_1_38' title='bbox 905 599 1061 680; x_wconf 88' lang='lat' dir='ltr'><strong>scriptum</strong></span> <span class='ocrx_word' id='word_1_39' title='bbox 1084 601 1142 682; x_wconf 86' lang='lat' dir='ltr'><strong>est,</strong></span> <span class='ocrx_word' id='word_1_40' title='bbox 1165 597 1307 664; x_wconf 82' lang='lat' dir='ltr'><strong>Naevius</strong></span> 
     </span>
     <span class='ocr_line' id='line_1_6' title="bbox 107 679 1306 766; baseline 0.002 -20"><span class='ocrx_word' id='word_1_41' title='bbox 107 689 185 750; x_wconf 83' lang='lat' dir='ltr'><strong>aest</strong></span> <span class='ocrx_word' id='word_1_42' title='bbox 209 690 368 764; x_wconf 83' lang='lat' dir='ltr'><strong>mortuus3</strong></span> <span class='ocrx_word' id='word_1_43' title='bbox 398 703 589 766; x_wconf 88' lang='lat' dir='ltr'><strong>quamquam</strong></span> <span class='ocrx_word' id='word_1_44' title='bbox 612 679 715 746; x_wconf 89' lang='lat' dir='ltr'><strong>Varro</strong></span> <span class='ocrx_word' id='word_1_45' title='bbox 743 685 854 746; x_wconf 87' lang='lat' dir='ltr'><strong>noster</strong></span> <span class='ocrx_word' id='word_1_46' title='bbox 881 682 1146 765; x_wconf 76' lang='lat' dir='ltr'><strong>diligentissimus</strong></span> <span class='ocrx_word' id='word_1_47' title='bbox 1172 685 1306 748; x_wconf 89' lang='lat' dir='ltr'><strong>investi·</strong></span> 
     </span>
     <span class='ocr_line' id='line_1_7' title="bbox 159 766 1306 852; baseline -0.001 -18"><span class='ocrx_word' id='word_1_48' title='bbox 159 773 230 834; x_wconf 88' lang='lat' dir='ltr'><strong>ator</strong></span> <span class='ocrx_word' id='word_1_49' title='bbox 252 768 456 852; x_wconf 85' lang='lat' dir='ltr'><strong>antiquitatis</strong></span> <span class='ocrx_word' id='word_1_50' title='bbox 478 772 571 850; x_wconf 85' lang='lat' dir='ltr'><strong>putat</strong></span> <span class='ocrx_word' id='word_1_51' title='bbox 597 768 631 828; x_wconf 94' lang='lat' dir='ltr'><strong>in</strong></span> <span class='ocrx_word' id='word_1_52' title='bbox 659 766 721 830; x_wconf 92' lang='lat' dir='ltr'><strong>hoc</strong></span> <span class='ocrx_word' id='word_1_53' title='bbox 743 770 884 831; x_wconf 88' lang='lat' dir='ltr'><strong>erratum</strong></span> <span class='ocrx_word' id='word_1_54' title='bbox 912 769 1073 851; x_wconf 85' lang='lat' dir='ltr'><strong>vitamque</strong></span> <span class='ocrx_word' id='word_1_55' title='bbox 1095 767 1211 833; x_wconf 84' lang='lat' dir='ltr'><strong>Naevii</strong></span> <span class='ocrx_word' id='word_1_56' title='bbox 1233 790 1306 852; x_wconf 91' lang='lat' dir='ltr'><strong>pro·</strong></span> 
     </span>
     <span class='ocr_line' id='line_1_8' title="bbox 135 790 1306 938; baseline -0.001 -20"><span class='ocrx_word' id='word_1_57' title='bbox 135 790 224 920; x_wconf 75' lang='lat' dir='ltr'><strong>ducit</strong></span> <span class='ocrx_word' id='word_1_58' title='bbox 245 854 386 937; x_wconf 85' lang='lat' dir='ltr'><strong>longius.</strong></span> <span class='ocrx_word' id='word_1_59' title='bbox 421 851 454 916; x_wconf 91' lang='lat' dir='ltr'>N</span> <span class='ocrx_word' id='word_1_60' title='bbox 455 874 505 916; x_wconf 84' lang='lat' dir='ltr'><strong>em</strong></span> <span class='ocrx_word' id='word_1_61' title='bbox 522 850 655 916; x_wconf 89' lang='lat' dir='ltr'><strong>Plautus</strong></span> <span class='ocrx_word' id='word_1_62' title='bbox 670 850 708 914; x_wconf 88' lang='lat' dir='ltr'><strong>P.</strong></span> <span class='ocrx_word' id='word_1_63' title='bbox 725 850 860 917; x_wconf 82' lang='lat' dir='ltr'><strong>Claudio</strong></span> <span class='ocrx_word' id='word_1_64' title='bbox 876 851 912 918; x_wconf 84' lang='lat' dir='ltr'><strong>L.</strong></span> <span class='ocrx_word' id='word_1_65' title='bbox 926 851 1050 931; x_wconf 88' lang='lat' dir='ltr'><strong>Porcio,</strong></span> <span class='ocrx_word' id='word_1_66' title='bbox 1075 853 1189 938; x_wconf 80' lang='lat' dir='ltr'><strong>viginti</strong></span> <span class='ocrx_word' id='word_1_67' title='bbox 1212 853 1306 917; x_wconf 88' lang='lat' dir='ltr'><strong>annis</strong></span> 
     </span>
     <span class='ocr_line' id='line_1_9' title="bbox 133 935 1305 1023; baseline -0.003 -20"><span class='ocrx_word' id='word_1_68' title='bbox 133 944 210 1023; x_wconf 87' lang='lat' dir='ltr'><strong>post</strong></span> <span class='ocrx_word' id='word_1_69' title='bbox 224 939 298 1002; x_wconf 89' lang='lat' dir='ltr'><strong>illos</strong></span> <span class='ocrx_word' id='word_1_70' title='bbox 314 958 394 1022; x_wconf 87' lang='lat' dir='ltr'><strong>quos</strong></span> <span class='ocrx_word' id='word_1_71' title='bbox 410 940 486 1000; x_wconf 87' lang='lat' dir='ltr'><strong>ante</strong></span> <span class='ocrx_word' id='word_1_72' title='bbox 499 937 574 1019; x_wconf 86' lang='lat' dir='ltr'><strong>dixi,</strong></span> <span class='ocrx_word' id='word_1_73' title='bbox 590 935 774 1000; x_wconf 86' lang='lat' dir='ltr'><strong>consulibus</strong></span> <span class='ocrx_word' id='word_1_74' title='bbox 789 941 935 1001; x_wconf 86' lang='lat' dir='ltr'><strong>mortuus</strong></span> <span class='ocrx_word' id='word_1_75' title='bbox 952 941 1009 1019; x_wconf 87' lang='lat' dir='ltr'><strong>est,</strong></span> <span class='ocrx_word' id='word_1_76' title='bbox 1025 936 1148 1002; x_wconf 77' lang='lat' dir='ltr'><strong>(latone</strong></span> <span class='ocrx_word' id='word_1_77' title='bbox 1165 959 1305 1002; x_wconf 84' lang='lat' dir='ltr'><strong>censore.</strong></span> 
     </span>
    </p>

    <p class='ocr_par' dir='ltr' id='par_1_3' title="bbox 97 1019 1356 1276">
     <span class='ocr_line' id='line_1_10' title="bbox 221 1019 1356 1108; baseline 0 -21"><span class='ocrx_word' id='word_1_78' title='bbox 221 1022 317 1087; x_wconf 90' lang='lat' dir='ltr'><strong>Hune</strong></span> <span class='ocrx_word' id='word_1_79' title='bbox 345 1022 446 1108; x_wconf 81' lang='lat' dir='ltr'><strong>igitur</strong></span> <span class='ocrx_word' id='word_1_80' title='bbox 474 1021 657 1106; x_wconf 76' lang='lat' dir='ltr'><strong>Cethegum</strong></span> <span class='ocrx_word' id='word_1_81' title='bbox 686 1026 875 1086; x_wconf 82' lang='lat' dir='ltr'><strong>consecutus</strong></span> <span class='ocrx_word' id='word_1_82' title='bbox 903 1025 953 1086; x_wconf 90' lang='lat' dir='ltr'><strong>est</strong></span> <span class='ocrx_word' id='word_1_83' title='bbox 986 1025 1090 1086; x_wconf 87' lang='lat' dir='ltr'><strong>aetate</strong></span> <span class='ocrx_word' id='word_1_84' title='bbox 1120 1022 1216 1104; x_wconf 81' lang='lat' dir='ltr'><strong>Cato,</strong></span> <span class='ocrx_word' id='word_1_85' title='bbox 1252 1024 1307 1107; x_wconf 88' lang='lat' dir='ltr'><strong>qui</strong></span> <span class='ocrx_word' id='word_1_86' title='bbox 1324 1019 1356 1068; x_wconf 76' lang='lat'><strong>⁶¹</strong></span> 
     </span>
     <span class='ocr_line' id='line_1_11' title="bbox 97 1105 1307 1191; baseline 0.005 -25"><span class='ocrx_word' id='word_1_87' title='bbox 97 1126 124 1166; x_wconf 84' lang='lat' dir='ltr'><strong>ro</strong></span> <span class='ocrx_word' id='word_1_88' title='bbox 140 1109 234 1172; x_wconf 85' lang='lat' dir='ltr'><strong>annis</strong></span> <span class='ocrx_word' id='word_1_89' title='bbox 249 1124 329 1172; x_wconf 84' lang='lat' dir='ltr'><strong>vnn</strong></span> <span class='ocrx_word' id='word_1_90' title='bbox 347 1109 423 1191; x_wconf 88' lang='lat' dir='ltr'><strong>post</strong></span> <span class='ocrx_word' id='word_1_91' title='bbox 437 1127 508 1170; x_wconf 89' lang='lat' dir='ltr'><strong>eum</strong></span> <span class='ocrx_word' id='word_1_92' title='bbox 523 1106 586 1170; x_wconf 82' lang='lat' dir='ltr'><strong>fuit</strong></span> <span class='ocrx_word' id='word_1_93' title='bbox 600 1106 721 1170; x_wconf 79' lang='lat' dir='ltr'><strong>consul.</strong></span> <span class='ocrx_word' id='word_1_94' title='bbox 753 1105 838 1170; x_wconf 83' lang='lat' dir='ltr'><strong>Eum</strong></span> <span class='ocrx_word' id='word_1_95' title='bbox 860 1129 919 1170; x_wconf 89' lang='lat' dir='ltr'><strong>nos</strong></span> <span class='ocrx_word' id='word_1_96' title='bbox 941 1111 978 1170; x_wconf 90' lang='lat' dir='ltr'><strong>ut</strong></span> <span class='ocrx_word' id='word_1_97' title='bbox 991 1111 1189 1190; x_wconf 87' lang='lat' dir='ltr'><strong>perveterem</strong></span> <span class='ocrx_word' id='word_1_98' title='bbox 1210 1109 1307 1171; x_wconf 87' lang='lat' dir='ltr'><strong>habe·</strong></span> 
     </span>
     <span class='ocr_line' id='line_1_12' title="bbox 138 1189 1306 1276; baseline 0.002 -21"><span class='ocrx_word' id='word_1_99' title='bbox 138 1213 224 1270; x_wconf 83' lang='lat' dir='ltr'><strong>mua,</strong></span> <span class='ocrx_word' id='word_1_100' title='bbox 247 1193 302 1276; x_wconf 93' lang='lat' dir='ltr'><strong>qui</strong></span> <span class='ocrx_word' id='word_1_101' title='bbox 324 1190 360 1256; x_wconf 87' lang='lat' dir='ltr'><strong>L.</strong></span> <span class='ocrx_word' id='word_1_102' title='bbox 376 1190 497 1255; x_wconf 85' lang='lat' dir='ltr'><strong>Marcio</strong></span> <span class='ocrx_word' id='word_1_103' title='bbox 519 1189 573 1255; x_wconf 85' lang='grc' dir='ltr'><strong>Μ’.</strong></span> <span class='ocrx_word' id='word_1_104' title='bbox 589 1189 725 1255; x_wconf 86' lang='lat' dir='ltr'><strong>Manilio</strong></span> <span class='ocrx_word' id='word_1_105' title='bbox 748 1192 931 1256; x_wconf 85' lang='lat' dir='ltr'><strong>consulibus</strong></span> <span class='ocrx_word' id='word_1_106' title='bbox 953 1195 1098 1257; x_wconf 88' lang='lat' dir='ltr'><strong>mortuus</strong></span> <span class='ocrx_word' id='word_1_107' title='bbox 1119 1197 1183 1275; x_wconf 88' lang='lat' dir='ltr'><strong>est,</strong></span> <span class='ocrx_word' id='word_1_108' title='bbox 1212 1193 1306 1257; x_wconf 84' lang='lat' dir='ltr'><strong>annis</strong></span> 
     </span>
    </p>

    <p class='ocr_par' dir='ltr' id='par_1_4' title="bbox 138 1275 1357 1530">
     <span class='ocr_line' id='line_1_13' title="bbox 140 1275 1357 1361; baseline 0.002 -22"><span class='ocrx_word' id='word_1_109' title='bbox 140 1293 276 1342; x_wconf 72' lang='lat' dir='ltr'>LXXXVI</span> <span class='ocrx_word' id='word_1_110' title='bbox 303 1276 380 1359; x_wconf 88' lang='lat' dir='ltr'><strong>ipsis</strong></span> <span class='ocrx_word' id='word_1_111' title='bbox 406 1279 481 1340; x_wconf 90' lang='lat' dir='ltr'><strong>ante</strong></span> <span class='ocrx_word' id='word_1_112' title='bbox 509 1297 560 1340; x_wconf 90' lang='lat' dir='ltr'><strong>me</strong></span> <span class='ocrx_word' id='word_1_113' title='bbox 588 1275 768 1359; x_wconf 83' lang='lat' dir='ltr'><strong>consulem3</strong></span> <span class='ocrx_word' id='word_1_114' title='bbox 797 1298 857 1340; x_wconf 92' lang='lat' dir='ltr'><strong>nec</strong></span> <span class='ocrx_word' id='word_1_115' title='bbox 883 1297 958 1340; x_wconf 85' lang='lat' dir='ltr'><strong>vero</strong></span> <span class='ocrx_word' id='word_1_116' title='bbox 984 1276 1089 1342; x_wconf 87' lang='lat' dir='ltr'><strong>habeo</strong></span> <span class='ocrx_word' id='word_1_117' title='bbox 1111 1298 1302 1361; x_wconf 86' lang='lat' dir='ltr'><strong>quemquam</strong></span> <span class='ocrx_word' id='word_1_118' title='bbox 1314 1278 1357 1344; x_wconf 82' lang='lat'><strong>16</strong></span> 
     </span>
     <span class='ocr_line' id='line_1_14' title="bbox 139 1361 1303 1445; baseline 0.002 -21"><span class='ocrx_word' id='word_1_119' title='bbox 139 1363 360 1444; x_wconf 81' lang='lat' dir='ltr'><strong>antiquiorem,</strong></span> <span class='ocrx_word' id='word_1_120' title='bbox 385 1361 476 1425; x_wconf 89' lang='lat' dir='ltr'><strong>cuius</strong></span> <span class='ocrx_word' id='word_1_121' title='bbox 494 1361 622 1444; x_wconf 91' lang='lat' dir='ltr'><strong>quidem</strong></span> <span class='ocrx_word' id='word_1_122' title='bbox 643 1362 763 1443; x_wconf 89' lang='lat' dir='ltr'><strong>scripta</strong></span> <span class='ocrx_word' id='word_1_123' title='bbox 784 1361 975 1444; x_wconf 84' lang='lat' dir='ltr'><strong>proferenda</strong></span> <span class='ocrx_word' id='word_1_124' title='bbox 989 1366 1109 1444; x_wconf 83' lang='lat' dir='ltr'><strong>putem,</strong></span> <span class='ocrx_word' id='word_1_125' title='bbox 1132 1362 1197 1426; x_wconf 90' lang='lat' dir='ltr'><strong>nisi</strong></span> <span class='ocrx_word' id='word_1_126' title='bbox 1211 1382 1303 1445; x_wconf 90' lang='lat' dir='ltr'><strong>quem</strong></span> 
     </span>
     <span class='ocr_line' id='line_1_15' title="bbox 138 1445 1304 1530; baseline -0.001 -20"><span class='ocrx_word' id='word_1_127' title='bbox 138 1447 237 1530; x_wconf 87' lang='lat' dir='ltr'><strong>Appii</strong></span> <span class='ocrx_word' id='word_1_128' title='bbox 252 1446 348 1510; x_wconf 81' lang='lat' dir='ltr'><strong>Caeci</strong></span> <span class='ocrx_word' id='word_1_129' title='bbox 370 1447 472 1510; x_wconf 89' lang='lat' dir='ltr'><strong>oratio</strong></span> <span class='ocrx_word' id='word_1_130' title='bbox 494 1445 573 1509; x_wconf 89' lang='lat' dir='ltr'><strong>haec</strong></span> <span class='ocrx_word' id='word_1_131' title='bbox 587 1447 658 1529; x_wconf 85' lang='lat' dir='ltr'><strong>ipsa</strong></span> <span class='ocrx_word' id='word_1_132' title='bbox 680 1446 719 1509; x_wconf 92' lang='lat' dir='ltr'><strong>de</strong></span> <span class='ocrx_word' id='word_1_133' title='bbox 734 1445 858 1529; x_wconf 85' lang='lat' dir='ltr'><strong>Pyrrho</strong></span> <span class='ocrx_word' id='word_1_134' title='bbox 871 1450 904 1510; x_wconf 89' lang='lat' dir='ltr'><strong>et</strong></span> <span class='ocrx_word' id='word_1_135' title='bbox 917 1446 1092 1510; x_wconf 89' lang='lat' dir='ltr'><strong>nonnullae</strong></span> <span class='ocrx_word' id='word_1_136' title='bbox 1107 1450 1304 1511; x_wconf 89' lang='lat' dir='ltr'><strong>mortuorum</strong></span> 
     </span>
    </p>

    <p class='ocr_par' dir='ltr' id='par_1_5' title="bbox 55 1528 1355 2292">
     <span class='ocr_line' id='line_1_16' title="bbox 94 1528 1355 1614; baseline 0.003 -26"><span class='ocrx_word' id='word_1_137' title='bbox 94 1547 122 1588; x_wconf 83' lang='lat'><strong>15</strong></span> <span class='ocrx_word' id='word_1_138' title='bbox 134 1530 334 1595; x_wconf 86' lang='lat' dir='ltr'><strong>laudationes</strong></span> <span class='ocrx_word' id='word_1_139' title='bbox 361 1535 445 1595; x_wconf 88' lang='lat' dir='ltr'><strong>forte</strong></span> <span class='ocrx_word' id='word_1_140' title='bbox 475 1530 645 1594; x_wconf 87' lang='lat' dir='ltr'><strong>delectant.</strong></span> <span class='ocrx_word' id='word_1_141' title='bbox 690 1528 734 1594; x_wconf 83' lang='lat' dir='ltr'><strong>Et</strong></span> <span class='ocrx_word' id='word_1_142' title='bbox 758 1531 901 1595; x_wconf 86' lang='lat' dir='ltr'><strong>hercules</strong></span> <span class='ocrx_word' id='word_1_143' title='bbox 925 1552 980 1594; x_wconf 86' lang='lat' dir='ltr'><strong>eac</strong></span> <span class='ocrx_word' id='word_1_144' title='bbox 1002 1531 1130 1614; x_wconf 91' lang='lat' dir='ltr'><strong>quidem</strong></span> <span class='ocrx_word' id='word_1_145' title='bbox 1159 1534 1303 1596; x_wconf 84' lang='lat' dir='ltr'><strong>exstant:</strong></span> <span class='ocrx_word' id='word_1_146' title='bbox 1323 1545 1355 1593; x_wconf 81' lang='lat'><strong>62</strong></span> 
     </span>
     <span class='ocr_line' id='line_1_17' title="bbox 132 1615 1300 1699; baseline 0.001 -21"><span class='ocrx_word' id='word_1_147' title='bbox 132 1615 220 1699; x_wconf 85' lang='lat' dir='ltr'><strong>ipsae</strong></span> <span class='ocrx_word' id='word_1_148' title='bbox 243 1617 331 1680; x_wconf 90' lang='lat' dir='ltr'><strong>enim</strong></span> <span class='ocrx_word' id='word_1_149' title='bbox 352 1615 495 1680; x_wconf 85' lang='lat' dir='ltr'><strong>familiae</strong></span> <span class='ocrx_word' id='word_1_150' title='bbox 518 1637 576 1679; x_wconf 87' lang='lat' dir='ltr'><strong>sua</strong></span> <span class='ocrx_word' id='word_1_151' title='bbox 592 1615 682 1698; x_wconf 85' lang='lat' dir='ltr'><strong>quasi</strong></span> <span class='ocrx_word' id='word_1_152' title='bbox 697 1619 887 1679; x_wconf 86' lang='lat' dir='ltr'><strong>ornamenta</strong></span> <span class='ocrx_word' id='word_1_153' title='bbox 909 1636 946 1679; x_wconf 89' lang='lat' dir='ltr'><strong>ac</strong></span> <span class='ocrx_word' id='word_1_154' title='bbox 968 1618 1179 1680; x_wconf 88' lang='lat' dir='ltr'><strong>monumenta</strong></span> <span class='ocrx_word' id='word_1_155' title='bbox 1195 1637 1300 1680; x_wconf 84' lang='lat' dir='ltr'><strong>serva-</strong></span> 
     </span>
     <span class='ocr_line' id='line_1_18' title="bbox 133 1699 1305 1784; baseline 0.001 -21"><span class='ocrx_word' id='word_1_156' title='bbox 133 1701 213 1764; x_wconf 88' lang='lat' dir='ltr'><strong>bant</strong></span> <span class='ocrx_word' id='word_1_157' title='bbox 234 1705 267 1765; x_wconf 92' lang='lat' dir='ltr'><strong>et</strong></span> <span class='ocrx_word' id='word_1_158' title='bbox 289 1702 330 1764; x_wconf 93' lang='lat' dir='ltr'><strong>ad</strong></span> <span class='ocrx_word' id='word_1_159' title='bbox 347 1722 448 1777; x_wconf 85' lang='lat' dir='ltr'><strong>usum,</strong></span> <span class='ocrx_word' id='word_1_160' title='bbox 473 1701 586 1784; x_wconf 84' lang='lat' dir='ltr'><strong>siquis</strong></span> <span class='ocrx_word' id='word_1_161' title='bbox 608 1699 748 1763; x_wconf 88' lang='lat' dir='ltr'><strong>eiusdem</strong></span> <span class='ocrx_word' id='word_1_162' title='bbox 771 1701 897 1784; x_wconf 81' lang='lat' dir='ltr'><strong>generis</strong></span> <span class='ocrx_word' id='word_1_163' title='bbox 919 1699 1096 1780; x_wconf 85' lang='lat' dir='ltr'><strong>occidisset,</strong></span> <span class='ocrx_word' id='word_1_164' title='bbox 1120 1700 1214 1765; x_wconf 88' lang='lat' dir='ltr'><strong>etad</strong></span> <span class='ocrx_word' id='word_1_165' title='bbox 1238 1722 1305 1764; x_wconf 90' lang='lat' dir='ltr'><strong>mc·</strong></span> 
     </span>
     <span class='ocr_line' id='line_1_19' title="bbox 131 1784 1304 1850; baseline 0.002 -2"><span class='ocrx_word' id='word_1_166' title='bbox 131 1785 265 1849; x_wconf 89' lang='lat' dir='ltr'><strong>moriam</strong></span> <span class='ocrx_word' id='word_1_167' title='bbox 294 1786 426 1850; x_wconf 90' lang='lat' dir='ltr'><strong>laudum</strong></span> <span class='ocrx_word' id='word_1_168' title='bbox 453 1784 699 1849; x_wconf 87' lang='lat' dir='ltr'><strong>domesticarum</strong></span> <span class='ocrx_word' id='word_1_169' title='bbox 729 1786 822 1848; x_wconf 91' lang='lat' dir='ltr'><strong>etad</strong></span> <span class='ocrx_word' id='word_1_170' title='bbox 849 1784 1072 1849; x_wconf 86' lang='lat' dir='ltr'><strong>illustrandam</strong></span> <span class='ocrx_word' id='word_1_171' title='bbox 1100 1785 1304 1850; x_wconf 88' lang='lat' dir='ltr'><strong>nobilitatem</strong></span> 
     </span>
     <span class='ocr_line' id='line_1_20' title="bbox 133 1860 1304 1954; baseline 0.001 -21"><span class='ocrx_word' id='word_1_172' title='bbox 133 1890 235 1948; x_wconf 87' lang='lat' dir='ltr'><strong>suam.</strong></span> <span class='ocrx_word' id='word_1_173' title='bbox 280 1868 479 1954; x_wconf 81' lang='lat' dir='ltr'><strong>Quamquam</strong></span> <span class='ocrx_word' id='word_1_174' title='bbox 502 1869 552 1933; x_wconf 89' lang='lat' dir='ltr'><strong>his</strong></span> <span class='ocrx_word' id='word_1_175' title='bbox 574 1860 810 1933; x_wconf 77' lang='lat' dir='ltr'><strong>laudationibus</strong></span> <span class='ocrx_word' id='word_1_176' title='bbox 832 1869 967 1933; x_wconf 86' lang='lat' dir='ltr'><strong>historia</strong></span> <span class='ocrx_word' id='word_1_177' title='bbox 993 1891 1100 1933; x_wconf 89' lang='lat' dir='ltr'><strong>rerum</strong></span> <span class='ocrx_word' id='word_1_178' title='bbox 1121 1873 1304 1934; x_wconf 87' lang='lat' dir='ltr'><strong>nostrarum</strong></span> 
     </span>
     <span class='ocr_line' id='line_1_21' title="bbox 87 1953 1305 2038; baseline 0.001 -20"><span class='ocrx_word' id='word_1_179' title='bbox 87 1964 115 2003; x_wconf 79' lang='lat'><strong>2⁰</strong></span> <span class='ocrx_word' id='word_1_180' title='bbox 134 1957 184 2018; x_wconf 88' lang='lat' dir='ltr'><strong>est</strong></span> <span class='ocrx_word' id='word_1_181' title='bbox 212 1955 298 2019; x_wconf 88' lang='lat' dir='ltr'><strong>facta</strong></span> <span class='ocrx_word' id='word_1_182' title='bbox 330 1955 520 2019; x_wconf 88' lang='lat' dir='ltr'><strong>mendosior.</strong></span> <span class='ocrx_word' id='word_1_183' title='bbox 565 1953 670 2018; x_wconf 84' lang='lat' dir='ltr'><strong>Multa</strong></span> <span class='ocrx_word' id='word_1_184' title='bbox 698 1955 784 2018; x_wconf 86' lang='lat' dir='ltr'><strong>enim</strong></span> <span class='ocrx_word' id='word_1_185' title='bbox 817 1955 936 2037; x_wconf 84' lang='lat' dir='ltr'><strong>scripta</strong></span> <span class='ocrx_word' id='word_1_186' title='bbox 966 1957 1041 2018; x_wconf 88' lang='lat' dir='ltr'><strong>sunt</strong></span> <span class='ocrx_word' id='word_1_187' title='bbox 1073 1955 1106 2018; x_wconf 92' lang='lat' dir='ltr'><strong>in</strong></span> <span class='ocrx_word' id='word_1_188' title='bbox 1140 1956 1184 2018; x_wconf 84' lang='lat' dir='ltr'><strong>eia</strong></span> <span class='ocrx_word' id='word_1_189' title='bbox 1223 1977 1305 2038; x_wconf 88' lang='lat' dir='ltr'><strong>quac</strong></span> 
     </span>
     <span class='ocr_line' id='line_1_22' title="bbox 55 2038 1304 2123; baseline 0 -20"><span class='ocrx_word' id='word_1_190' title='bbox 55 2099 58 2103; x_wconf 87' lang='lat'><strong>.</strong></span> <span class='ocrx_word' id='word_1_191' title='bbox 131 2039 221 2103; x_wconf 85' lang='lat' dir='ltr'><strong>facta</strong></span> <span class='ocrx_word' id='word_1_192' title='bbox 242 2059 309 2103; x_wconf 91' lang='lat' dir='ltr'><strong>non</strong></span> <span class='ocrx_word' id='word_1_193' title='bbox 331 2042 422 2103; x_wconf 87' lang='lat' dir='ltr'><strong>sunt:</strong></span> <span class='ocrx_word' id='word_1_194' title='bbox 444 2039 518 2104; x_wconf 87' lang='lat' dir='ltr'><strong>falsi</strong></span> <span class='ocrx_word' id='word_1_195' title='bbox 539 2038 706 2123; x_wconf 84' lang='lat' dir='ltr'><strong>triumphi,</strong></span> <span class='ocrx_word' id='word_1_196' title='bbox 728 2038 836 2122; x_wconf 86' lang='lat' dir='ltr'><strong>plures</strong></span> <span class='ocrx_word' id='word_1_197' title='bbox 858 2038 1049 2118; x_wconf 86' lang='lat' dir='ltr'><strong>consulatus,</strong></span> <span class='ocrx_word' id='word_1_198' title='bbox 1073 2059 1192 2122; x_wconf 86' lang='lat' dir='ltr'><strong>genera</strong></span> <span class='ocrx_word' id='word_1_199' title='bbox 1207 2039 1304 2103; x_wconf 90' lang='lat' dir='ltr'><strong>etiam</strong></span> 
     </span>
     <span class='ocr_line' id='line_1_23' title="bbox 131 2122 1304 2208; baseline -0.001 -21"><span class='ocrx_word' id='word_1_200' title='bbox 131 2123 215 2188; x_wconf 80' lang='lat' dir='ltr'><strong>falsa</strong></span> <span class='ocrx_word' id='word_1_201' title='bbox 241 2129 274 2188; x_wconf 85' lang='lat' dir='ltr'><strong>et</strong></span> <span class='ocrx_word' id='word_1_202' title='bbox 300 2125 339 2188; x_wconf 87' lang='lat' dir='ltr'><strong>ad</strong></span> <span class='ocrx_word' id='word_1_203' title='bbox 367 2123 495 2208; x_wconf 89' lang='lat' dir='ltr'><strong>plebem</strong></span> <span class='ocrx_word' id='word_1_204' title='bbox 520 2123 744 2201; x_wconf 48' lang='lat' dir='ltr'><strong>transitionem</strong></span> <span class='ocrx_word' id='word_1_205' title='bbox 779 2144 851 2186; x_wconf 91' lang='lat' dir='ltr'><strong>cum</strong></span> <span class='ocrx_word' id='word_1_206' title='bbox 880 2124 1027 2187; x_wconf 92' lang='lat' dir='ltr'><strong>homines</strong></span> <span class='ocrx_word' id='word_1_207' title='bbox 1053 2122 1240 2186; x_wconf 87' lang='lat' dir='ltr'><strong>humiliores</strong></span> <span class='ocrx_word' id='word_1_208' title='bbox 1268 2125 1304 2187; x_wconf 93' lang='lat' dir='ltr'><strong>in</strong></span> 
     </span>
     <span class='ocr_line' id='line_1_24' title="bbox 130 2207 1303 2292; baseline 0 -20"><span class='ocrx_word' id='word_1_209' title='bbox 130 2209 273 2272; x_wconf 91' lang='lat' dir='ltr'><strong>alienum</strong></span> <span class='ocrx_word' id='word_1_210' title='bbox 301 2210 443 2274; x_wconf 87' lang='lat' dir='ltr'><strong>eiusdem</strong></span> <span class='ocrx_word' id='word_1_211' title='bbox 470 2209 611 2272; x_wconf 88' lang='lat' dir='ltr'><strong>nominis</strong></span> <span class='ocrx_word' id='word_1_212' title='bbox 638 2207 885 2272; x_wconf 85' lang='lat' dir='ltr'><strong>infunderentur</strong></span> <span class='ocrx_word' id='word_1_213' title='bbox 911 2228 1029 2292; x_wconf 83' lang='lat' dir='ltr'><strong>genns;</strong></span> <span class='ocrx_word' id='word_1_214' title='bbox 1056 2211 1092 2271; x_wconf 89' lang='lat' dir='ltr'><strong>ut</strong></span> <span class='ocrx_word' id='word_1_215' title='bbox 1120 2208 1147 2271; x_wconf 88' lang='lat' dir='ltr'><strong>si</strong></span> <span class='ocrx_word' id='word_1_216' title='bbox 1171 2228 1230 2292; x_wconf 80' lang='lat' dir='ltr'><strong>ego</strong></span> <span class='ocrx_word' id='word_1_217' title='bbox 1253 2230 1303 2272; x_wconf 92' lang='lat' dir='ltr'><strong>me</strong></span> 
     </span>
    </p>
   </div>
   <div class='ocr_carea' id='block_1_3' title="bbox 124 2427 1385 4322">
    <p class='ocr_par' dir='ltr' id='par_1_6' title="bbox 126 2427 1302 2688">
     <span class='ocr_line' id='line_1_25' title="bbox 129 2427 1301 2495; baseline 0.002 -15"><span class='ocrx_word' id='word_1_218' title='bbox 129 2427 210 2482; x_wconf 81' lang='lat' dir='ltr'><strong>flohe</strong></span> <span class='ocrx_word' id='word_1_219' title='bbox 232 2427 316 2494; x_wconf 85' lang='lat' dir='ltr'><strong>unkt,</strong></span> <span class='ocrx_word' id='word_1_220' title='bbox 335 2427 390 2482; x_wconf 88' lang='lat' dir='ltr'><strong>den</strong></span> <span class='ocrx_word' id='word_1_221' title='bbox 408 2427 468 2482; x_wconf 85' lang='lat' dir='ltr'><strong>also</strong></span> <span class='ocrx_word' id='word_1_222' title='bbox 487 2428 533 2481; x_wconf 91' lang='lat' dir='ltr'><strong>die</strong></span> <span class='ocrx_word' id='word_1_223' title='bbox 551 2427 690 2482; x_wconf 79' lang='lat' dir='ltr'><strong>romische</strong></span> <span class='ocrx_word' id='word_1_224' title='bbox 778 2434 817 2482; x_wconf 87' lang='lat'><strong>13.</strong></span> <span class='ocrx_word' id='word_1_225' title='bbox 852 2427 932 2481; x_wconf 80' lang='lat' dir='ltr'><strong>onina</strong></span> <span class='ocrx_word' id='word_1_226' title='bbox 963 2427 1073 2495; x_wconf 74' lang='lat' dir='ltr'><strong>quiden</strong></span> <span class='ocrx_word' id='word_1_227' title='bbox 1107 2427 1214 2495; x_wconf 81' lang='lat' dir='ltr'><strong>scripta</strong></span> <span class='ocrx_word' id='word_1_228' title='bbox 1249 2427 1301 2482; x_wconf 88' lang='lat' dir='ltr'><strong>etc.</strong></span> 
     </span>
     <span class='ocr_line' id='line_1_26' title="bbox 128 2493 1301 2564; baseline 0.001 -17"><span class='ocrx_word' id='word_1_229' title='bbox 128 2494 201 2549; x_wconf 90' lang='lat' dir='ltr'><strong>Bere</strong></span> <span class='ocrx_word' id='word_1_230' title='bbox 224 2495 345 2550; x_wconf 82' lang='lat' dir='ltr'><strong>samkeit</strong></span> <span class='ocrx_word' id='word_1_231' title='bbox 372 2496 403 2549; x_wconf 93' lang='lat' dir='ltr'><strong>in</strong></span> <span class='ocrx_word' id='word_1_232' title='bbox 432 2496 497 2549; x_wconf 89' lang='lat' dir='ltr'><strong>dem</strong></span> <span class='ocrx_word' id='word_1_233' title='bbox 525 2495 690 2550; x_wconf 74' lang='lat' dir='ltr'><strong>verhtltnis·</strong></span> <span class='ocrx_word' id='word_1_234' title='bbox 743 2493 911 2564; x_wconf 83' lang='lat' dir='ltr'><strong>cigentliche</strong></span> <span class='ocrx_word' id='word_1_235' title='bbox 938 2493 1210 2549; x_wconf 82' lang='lat' dir='ltr'><strong>schriftatellariache</strong></span> <span class='ocrx_word' id='word_1_236' title='bbox 1240 2510 1301 2548; x_wconf 81' lang='lat' dir='ltr'><strong>ora·</strong></span> 
     </span>
     <span class='ocr_line' id='line_1_27' title="bbox 127 2561 1302 2631; baseline 0.001 -16"><span class='ocrx_word' id='word_1_237' title='bbox 127 2563 233 2631; x_wconf 69' lang='lat' dir='ltr'><strong>monsig</strong></span> <span class='ocrx_word' id='word_1_238' title='bbox 256 2563 363 2617; x_wconf 86' lang='lat' dir='ltr'><strong>kurzen</strong></span> <span class='ocrx_word' id='word_1_239' title='bbox 389 2562 533 2617; x_wconf 83' lang='lat' dir='ltr'><strong>Zeitreum</strong></span> <span class='ocrx_word' id='word_1_240' title='bbox 559 2579 615 2617; x_wconf 85' lang='lat' dir='ltr'><strong>von</strong></span> <span class='ocrx_word' id='word_1_241' title='bbox 642 2570 691 2618; x_wconf 81' lang='lat'><strong>140</strong></span> <span class='ocrx_word' id='word_1_242' title='bbox 717 2561 861 2616; x_wconf 82' lang='lat' dir='ltr'><strong>torische</strong></span> <span class='ocrx_word' id='word_1_243' title='bbox 879 2561 1038 2626; x_wconf 86' lang='lat' dir='ltr'><strong>Produkte,</strong></span> <span class='ocrx_word' id='word_1_244' title='bbox 1061 2562 1105 2616; x_wconf 91' lang='lat' dir='ltr'><strong>die</strong></span> <span class='ocrx_word' id='word_1_245' title='bbox 1130 2561 1226 2617; x_wconf 86' lang='lat' dir='ltr'><strong>diesen</strong></span> <span class='ocrx_word' id='word_1_246' title='bbox 1248 2562 1302 2616; x_wconf 89' lang='lat' dir='ltr'><strong>Na·</strong></span> 
     </span>
     <span class='ocr_line' id='line_1_28' title="bbox 126 2629 1179 2688; baseline 0.004 -5"><span class='ocrx_word' id='word_1_247' title='bbox 126 2629 236 2684; x_wconf 84' lang='lat' dir='ltr'><strong>Jahren</strong></span> <span class='ocrx_word' id='word_1_248' title='bbox 254 2630 377 2685; x_wconf 88' lang='lat' dir='ltr'><strong>erreicht</strong></span> <span class='ocrx_word' id='word_1_249' title='bbox 394 2630 446 2685; x_wconf 85' lang='lat' dir='ltr'><strong>hat</strong></span> <span class='ocrx_word' id='word_1_250' title='bbox 463 2636 503 2684; x_wconf 83' lang='lat'><strong>61.</strong></span> <span class='ocrx_word' id='word_1_251' title='bbox 710 2632 714 2647; x_wconf 83' lang='grc'>”</span> <span class='ocrx_word' id='word_1_252' title='bbox 741 2647 806 2684; x_wconf 90' lang='lat' dir='ltr'><strong>men</strong></span> <span class='ocrx_word' id='word_1_253' title='bbox 824 2630 952 2684; x_wconf 85' lang='lat' dir='ltr'><strong>wirhlich</strong></span> <span class='ocrx_word' id='word_1_254' title='bbox 971 2631 1120 2684; x_wconf 85' lang='lat' dir='ltr'><strong>verdienen</strong></span> <span class='ocrx_word' id='word_1_255' title='bbox 1137 2635 1179 2688; x_wconf 86' lang='grc'><strong>69.</strong></span> 
     </span>
    </p>

    <p class='ocr_par' dir='ltr' id='par_1_7' title="bbox 125 2697 1302 2903">
     <span class='ocr_line' id='line_1_29' title="bbox 162 2697 1302 2766; baseline 0.004 -15"><span class='ocrx_word' id='word_1_256' title='bbox 162 2698 196 2752; x_wconf 80' lang='lat' dir='ltr'><strong>id</strong></span> <span class='ocrx_word' id='word_1_257' title='bbox 217 2699 309 2765; x_wconf 71' lang='lat' dir='ltr'><strong>ipsum</strong></span> <span class='ocrx_word' id='word_1_258' title='bbox 327 2730 359 2738; x_wconf 97' lang='lat'><em>-</em></span> <span class='ocrx_word' id='word_1_259' title='bbox 379 2699 454 2752; x_wconf 87' lang='lat' dir='ltr'><strong>scine</strong></span> <span class='ocrx_word' id='word_1_260' title='bbox 477 2698 548 2752; x_wconf 89' lang='lat' dir='ltr'><strong>eben</strong></span> <span class='ocrx_word' id='word_1_261' title='bbox 571 2698 689 2766; x_wconf 79' lang='lat' dir='ltr'><strong>geschil-</strong></span> <span class='ocrx_word' id='word_1_262' title='bbox 776 2703 816 2754; x_wconf 83' lang='lat'><strong>14.</strong></span> <span class='ocrx_word' id='word_1_263' title='bbox 824 2697 891 2752; x_wconf 84' lang='lat' dir='ltr'><strong>haec</strong></span> <span class='ocrx_word' id='word_1_264' title='bbox 900 2699 962 2765; x_wconf 80' lang='lat' dir='ltr'><strong>ipso</strong></span> <span class='ocrx_word' id='word_1_265' title='bbox 972 2700 1044 2752; x_wconf 89' lang='lat' dir='ltr'><strong>eben</strong></span> <span class='ocrx_word' id='word_1_266' title='bbox 1054 2697 1099 2752; x_wconf 89' lang='lat' dir='ltr'><strong>die</strong></span> <span class='ocrx_word' id='word_1_267' title='bbox 1110 2698 1302 2756; x_wconf 76' lang='lat' dir='ltr'><strong>tterw&#39;thnte.</strong></span> 
     </span>
     <span class='ocr_line' id='line_1_30' title="bbox 126 2765 1301 2853; baseline 0.001 -35"><span class='ocrx_word' id='word_1_268' title='bbox 126 2765 210 2820; x_wconf 86' lang='lat' dir='ltr'><strong>derte</strong></span> <span class='ocrx_word' id='word_1_269' title='bbox 244 2765 426 2835; x_wconf 81' lang='lat' dir='ltr'><strong>Bedeutung,</strong></span> <span class='ocrx_word' id='word_1_270' title='bbox 461 2767 613 2821; x_wconf 82' lang='lat' dir='ltr'><strong>besonders</strong></span> <span class='ocrx_word' id='word_1_271' title='bbox 648 2766 690 2821; x_wconf 85' lang='lat' dir='ltr'><strong>ala</strong></span> <span class='ocrx_word' id='word_1_272' title='bbox 778 2771 817 2820; x_wconf 83' lang='lat'><strong>15.</strong></span> <span class='ocrx_word' id='word_1_273' title='bbox 841 2782 887 2820; x_wconf 82' lang='lat' dir='ltr'><strong>ene</strong></span> <span class='ocrx_word' id='word_1_274' title='bbox 904 2767 1015 2853; x_wconf 65' lang='lat' dir='ltr'><strong>pnidern</strong></span> <span class='ocrx_word' id='word_1_275' title='bbox 1037 2771 1149 2820; x_wconf 78' lang='lat' dir='ltr'><strong>enstnnt</strong></span> <span class='ocrx_word' id='word_1_276' title='bbox 1168 2796 1197 2804; x_wconf 92' lang='lat'>—</span> <span class='ocrx_word' id='word_1_277' title='bbox 1218 2765 1301 2819; x_wconf 84' lang='lat' dir='ltr'><strong>Gele-</strong></span> 
     </span>
     <span class='ocr_line' id='line_1_31' title="bbox 125 2831 1302 2903; baseline 0 -17"><span class='ocrx_word' id='word_1_278' title='bbox 125 2833 252 2887; x_wconf 83' lang='lat' dir='ltr'><strong>Redner.</strong></span> <span class='ocrx_word' id='word_1_279' title='bbox 742 2833 882 2901; x_wconf 83' lang='lat' dir='ltr'><strong>gentliche</strong></span> <span class='ocrx_word' id='word_1_280' title='bbox 894 2834 1075 2903; x_wconf 73' lang='lat' dir='ltr'><strong>hrwithnung</strong></span> <span class='ocrx_word' id='word_1_281' title='bbox 1094 2835 1144 2887; x_wconf 88' lang='lat' dir='ltr'><strong>der</strong></span> <span class='ocrx_word' id='word_1_282' title='bbox 1161 2831 1302 2886; x_wconf 75' lang='lat' dir='ltr'><strong>laudatio-</strong></span> 
     </span>
    </p>

    <p class='ocr_par' dir='ltr' id='par_1_8' title="bbox 125 2899 1301 3103">
     <span class='ocr_line' id='line_1_32' title="bbox 163 2899 1301 2968; baseline -0.002 -14"><span class='ocrx_word' id='word_1_283' title='bbox 163 2906 189 2954; x_wconf 82' lang='lat'><strong>4.</strong></span> <span class='ocrx_word' id='word_1_284' title='bbox 208 2901 241 2954; x_wconf 83' lang='lat' dir='ltr'><strong>r&#39;n</strong></span> <span class='ocrx_word' id='word_1_285' title='bbox 255 2902 391 2956; x_wconf 80' lang='lat' dir='ltr'><strong>octerrbna</strong></span> <span class='ocrx_word' id='word_1_286' title='bbox 402 2903 607 2957; x_wconf 79' lang='lat' dir='ltr'><strong>commentariis</strong></span> <span class='ocrx_word' id='word_1_287' title='bbox 617 2933 649 2942; x_wconf 90' lang='lat'><em>-</em></span> <span class='ocrx_word' id='word_1_288' title='bbox 661 2902 690 2956; x_wconf 91' lang='lat' dir='ltr'><strong>in</strong></span> <span class='ocrx_word' id='word_1_289' title='bbox 741 2917 790 2955; x_wconf 87' lang='lat' dir='ltr'><strong>nes</strong></span> <span class='ocrx_word' id='word_1_290' title='bbox 807 2901 940 2955; x_wconf 86' lang='lat' dir='ltr'><strong>funebres</strong></span> <span class='ocrx_word' id='word_1_291' title='bbox 953 2901 1012 2954; x_wconf 92' lang='lat' dir='ltr'><strong>und</strong></span> <span class='ocrx_word' id='word_1_292' title='bbox 1023 2901 1096 2955; x_wconf 90' lang='lat' dir='ltr'><strong>ihres</strong></span> <span class='ocrx_word' id='word_1_293' title='bbox 1111 2899 1301 2968; x_wconf 86' lang='lat' dir='ltr'><strong>nachteiligen</strong></span> 
     </span>
     <span class='ocr_line' id='line_1_33' title="bbox 126 2967 1301 3038; baseline -0.002 -16"><span class='ocrx_word' id='word_1_294' title='bbox 126 2968 210 3023; x_wconf 83' lang='lat' dir='ltr'><strong>alten</strong></span> <span class='ocrx_word' id='word_1_295' title='bbox 239 2968 414 3038; x_wconf 72' lang='lat' dir='ltr'><strong>Chionitas,</strong></span> <span class='ocrx_word' id='word_1_296' title='bbox 450 2971 496 3026; x_wconf 92' lang='lat' dir='ltr'><strong>die</strong></span> <span class='ocrx_word' id='word_1_297' title='bbox 531 2971 583 3024; x_wconf 87' lang='lat' dir='ltr'><strong>wir</strong></span> <span class='ocrx_word' id='word_1_298' title='bbox 613 2971 691 3025; x_wconf 90' lang='lat' dir='ltr'><strong>nicht</strong></span> <span class='ocrx_word' id='word_1_299' title='bbox 741 2967 892 3022; x_wconf 83' lang='lat' dir='ltr'><strong>Einflusaes</strong></span> <span class='ocrx_word' id='word_1_300' title='bbox 914 2969 965 3023; x_wconf 89' lang='lat' dir='ltr'><strong>auf</strong></span> <span class='ocrx_word' id='word_1_301' title='bbox 984 2969 1029 3022; x_wconf 91' lang='lat' dir='ltr'><strong>die</strong></span> <span class='ocrx_word' id='word_1_302' title='bbox 1054 2970 1143 3022; x_wconf 75' lang='lat' dir='ltr'><strong>tltere</strong></span> <span class='ocrx_word' id='word_1_303' title='bbox 1164 2967 1301 3022; x_wconf 75' lang='lat' dir='ltr'><strong>romische</strong></span> 
     </span>
     <span class='ocr_line' id='line_1_34' title="bbox 125 3035 1301 3103; baseline -0.003 -11"><span class='ocrx_word' id='word_1_304' title='bbox 125 3037 211 3092; x_wconf 89' lang='lat' dir='ltr'><strong>mehr</strong></span> <span class='ocrx_word' id='word_1_305' title='bbox 227 3037 339 3092; x_wconf 83' lang='lat' dir='ltr'><strong>konnen</strong></span> <span class='ocrx_word' id='word_1_306' title='bbox 359 3044 399 3093; x_wconf 77' lang='lat'><strong>72.</strong></span> <span class='ocrx_word' id='word_1_307' title='bbox 743 3035 922 3103; x_wconf 84' lang='lat' dir='ltr'><strong>Geschichtc,</strong></span> <span class='ocrx_word' id='word_1_308' title='bbox 946 3053 968 3089; x_wconf 83' lang='lat' dir='ltr'><strong>a.</strong></span> <span class='ocrx_word' id='word_1_309' title='bbox 986 3036 1043 3094; x_wconf 86' lang='lat' dir='ltr'><strong>ind.</strong></span> <span class='ocrx_word' id='word_1_310' title='bbox 1063 3036 1239 3092; x_wconf 79' lang='lat' dir='ltr'><strong>laudationes</strong></span> <span class='ocrx_word' id='word_1_311' title='bbox 1259 3037 1301 3088; x_wconf 88' lang='lat' dir='ltr'><strong>fu·</strong></span> 
     </span>
    </p>

    <p class='ocr_par' dir='ltr' id='par_1_9' title="bbox 125 3104 1302 3376">
     <span class='ocr_line' id='line_1_35' title="bbox 164 3104 851 3177; baseline -0.006 -17"><span class='ocrx_word' id='word_1_312' title='bbox 164 3112 188 3162; x_wconf 82' lang='grc'><strong>7.</strong></span> <span class='ocrx_word' id='word_1_313' title='bbox 211 3123 279 3161; x_wconf 80' lang='lat' dir='ltr'><strong>nont</strong></span> <span class='ocrx_word' id='word_1_314' title='bbox 296 3107 420 3162; x_wconf 82' lang='lat' dir='ltr'><strong>Plantns</strong></span> <span class='ocrx_word' id='word_1_315' title='bbox 437 3109 491 3164; x_wconf 88' lang='lat' dir='ltr'><strong>etc.</strong></span> <span class='ocrx_word' id='word_1_316' title='bbox 515 3107 565 3160; x_wconf 88' lang='lat' dir='ltr'><strong>der</strong></span> <span class='ocrx_word' id='word_1_317' title='bbox 581 3107 689 3177; x_wconf 86' lang='lat' dir='ltr'><strong>Zeitge·</strong></span> <span class='ocrx_word' id='word_1_318' title='bbox 741 3104 851 3158; x_wconf 83' lang='lat' dir='ltr'><strong>nebres.</strong></span> 
     </span>
     <span class='ocr_line' id='line_1_36' title="bbox 125 3169 1302 3239; baseline -0.003 -13"><span class='ocrx_word' id='word_1_319' title='bbox 125 3189 212 3228; x_wconf 84' lang='lat' dir='ltr'><strong>nosse</strong></span> <span class='ocrx_word' id='word_1_320' title='bbox 236 3175 286 3228; x_wconf 87' lang='lat' dir='ltr'><strong>dac</strong></span> <span class='ocrx_word' id='word_1_321' title='bbox 303 3173 438 3239; x_wconf 65' lang='lat' dir='ltr'><strong>Naevium</strong></span> <span class='ocrx_word' id='word_1_322' title='bbox 468 3175 512 3228; x_wconf 92' lang='lat' dir='ltr'><strong>ein</strong></span> <span class='ocrx_word' id='word_1_323' title='bbox 535 3173 691 3228; x_wconf 86' lang='lat' dir='ltr'><strong>indirehter</strong></span> <span class='ocrx_word' id='word_1_324' title='bbox 775 3178 817 3229; x_wconf 76' lang='lat'><strong>⁶22.</strong></span> <span class='ocrx_word' id='word_1_325' title='bbox 835 3172 874 3225; x_wconf 85' lang='lat' dir='ltr'><strong>cd</strong></span> <span class='ocrx_word' id='word_1_326' title='bbox 881 3171 987 3238; x_wconf 84' lang='lat' dir='ltr'><strong>plebem</strong></span> <span class='ocrx_word' id='word_1_327' title='bbox 998 3171 1178 3225; x_wconf 76' lang='lat' dir='ltr'><strong>transitiones</strong></span> <span class='ocrx_word' id='word_1_328' title='bbox 1195 3169 1302 3238; x_wconf 83' lang='lat' dir='ltr'><strong>angeb-</strong></span> 
     </span>
     <span class='ocr_line' id='line_1_37' title="bbox 125 3237 1302 3309; baseline -0.002 -15"><span class='ocrx_word' id='word_1_329' title='bbox 125 3242 247 3307; x_wconf 82' lang='lat' dir='ltr'><strong>Beweis‚</strong></span> <span class='ocrx_word' id='word_1_330' title='bbox 267 3241 329 3295; x_wconf 84' lang='lat' dir='ltr'><strong>dela</strong></span> <span class='ocrx_word' id='word_1_331' title='bbox 344 3240 467 3294; x_wconf 83' lang='lat' dir='ltr'><strong>Naevius</strong></span> <span class='ocrx_word' id='word_1_332' title='bbox 486 3243 573 3295; x_wconf 84' lang='lat' dir='ltr'><strong>etwas</strong></span> <span class='ocrx_word' id='word_1_333' title='bbox 590 3241 691 3309; x_wconf 73' lang='lat' dir='ltr'><strong>ltnger</strong></span> <span class='ocrx_word' id='word_1_334' title='bbox 742 3238 814 3293; x_wconf 89' lang='lat' dir='ltr'><strong>liche</strong></span> <span class='ocrx_word' id='word_1_335' title='bbox 832 3242 875 3305; x_wconf 92' lang='lat'><strong>(-</strong></span> <span class='ocrx_word' id='word_1_336' title='bbox 889 3239 963 3292; x_wconf 89' lang='lat' dir='ltr'><strong>deun</strong></span> <span class='ocrx_word' id='word_1_337' title='bbox 982 3254 1010 3292; x_wconf 90' lang='lat' dir='ltr'><strong>es</strong></span> <span class='ocrx_word' id='word_1_338' title='bbox 1026 3239 1130 3292; x_wconf 80' lang='lat' dir='ltr'><strong>hamon</strong></span> <span class='ocrx_word' id='word_1_339' title='bbox 1148 3238 1234 3291; x_wconf 88' lang='lat' dir='ltr'><strong>deren</strong></span> <span class='ocrx_word' id='word_1_340' title='bbox 1251 3237 1302 3292; x_wconf 88' lang='lat' dir='ltr'><strong>be·</strong></span> 
     </span>
     <span class='ocr_line' id='line_1_38' title="bbox 127 3304 1302 3376; baseline 0 -16"><span class='ocrx_word' id='word_1_341' title='bbox 127 3307 230 3376; x_wconf 88' lang='lat' dir='ltr'><strong>gelebt</strong></span> <span class='ocrx_word' id='word_1_342' title='bbox 246 3307 330 3361; x_wconf 85' lang='lat' dir='ltr'><strong>habe.</strong></span> <span class='ocrx_word' id='word_1_343' title='bbox 742 3306 888 3360; x_wconf 90' lang='lat' dir='ltr'><strong>kanntlich</strong></span> <span class='ocrx_word' id='word_1_344' title='bbox 906 3306 1035 3360; x_wconf 87' lang='lat' dir='ltr'><strong>wirklich</strong></span> <span class='ocrx_word' id='word_1_345' title='bbox 1047 3322 1104 3371; x_wconf 87' lang='lat' dir='ltr'><strong>vor,</strong></span> <span class='ocrx_word' id='word_1_346' title='bbox 1122 3308 1175 3359; x_wconf 90' lang='lat' dir='ltr'><strong>wie</strong></span> <span class='ocrx_word' id='word_1_347' title='bbox 1190 3304 1222 3373; x_wconf 86' lang='lat' dir='ltr'><strong>ja</strong></span> <span class='ocrx_word' id='word_1_348' title='bbox 1235 3323 1257 3362; x_wconf 84' lang='lat' dir='ltr'><strong>a.</strong></span> <span class='ocrx_word' id='word_1_349' title='bbox 1270 3305 1302 3360; x_wconf 90' lang='lat' dir='ltr'><strong>B.</strong></span> 
     </span>
    </p>

    <p class='ocr_par' dir='ltr' id='par_1_10' title="bbox 124 3372 1385 3770">
     <span class='ocr_line' id='line_1_39' title="bbox 163 3372 1302 3444; baseline -0.002 -15"><span class='ocrx_word' id='word_1_350' title='bbox 163 3377 190 3444; x_wconf 77' lang='lat'><strong>2)</strong></span> <span class='ocrx_word' id='word_1_351' title='bbox 221 3373 284 3429; x_wconf 89' lang='lat' dir='ltr'><strong>Die</strong></span> <span class='ocrx_word' id='word_1_352' title='bbox 310 3374 590 3442; x_wconf 82' lang='lat' dir='ltr'><strong>geschichtliche</strong></span> <span class='ocrx_word' id='word_1_353' title='bbox 617 3376 691 3431; x_wconf 88' lang='lat' dir='ltr'><strong>Zeit</strong></span> <span class='ocrx_word' id='word_1_354' title='bbox 742 3377 837 3441; x_wconf 63' lang='lat' dir='ltr'><strong>opiter</strong></span> <span class='ocrx_word' id='word_1_355' title='bbox 860 3373 987 3437; x_wconf 82' lang='lat' dir='ltr'><strong>Clodius,</strong></span> <span class='ocrx_word' id='word_1_356' title='bbox 1018 3391 1066 3427; x_wconf 92' lang='lat' dir='ltr'><strong>um</strong></span> <span class='ocrx_word' id='word_1_357' title='bbox 1092 3374 1143 3428; x_wconf 85' lang='lat' dir='ltr'><strong>dae</strong></span> <span class='ocrx_word' id='word_1_358' title='bbox 1164 3372 1302 3428; x_wconf 84' lang='lat' dir='ltr'><strong>Tribunat</strong></span> 
     </span>
     <span class='ocr_line' id='line_1_40' title="bbox 124 3440 1302 3513; baseline -0.002 -16"><span class='ocrx_word' id='word_1_359' title='bbox 124 3444 167 3497; x_wconf 93' lang='lat' dir='ltr'><strong>im</strong></span> <span class='ocrx_word' id='word_1_360' title='bbox 196 3459 319 3512; x_wconf 77' lang='lat' dir='ltr'><strong>engeren</strong></span> <span class='ocrx_word' id='word_1_361' title='bbox 345 3441 412 3496; x_wconf 84' lang='lat' dir='ltr'><strong>Sinn</strong></span> <span class='ocrx_word' id='word_1_362' title='bbox 433 3442 554 3513; x_wconf 80' lang='lat' dir='ltr'><strong>beginnt</strong></span> <span class='ocrx_word' id='word_1_363' title='bbox 579 3444 633 3496; x_wconf 88' lang='lat' dir='ltr'><strong>mit</strong></span> <span class='ocrx_word' id='word_1_364' title='bbox 654 3444 690 3497; x_wconf 87' lang='lat' dir='ltr'><strong>M.</strong></span> <span class='ocrx_word' id='word_1_365' title='bbox 737 3459 777 3498; x_wconf 80' lang='lat' dir='ltr'><strong>nu</strong></span> <span class='ocrx_word' id='word_1_366' title='bbox 787 3442 930 3512; x_wconf 84' lang='lat' dir='ltr'><strong>erlangen‚</strong></span> <span class='ocrx_word' id='word_1_367' title='bbox 940 3443 999 3496; x_wconf 89' lang='lat' dir='ltr'><strong>sich</strong></span> <span class='ocrx_word' id='word_1_368' title='bbox 1009 3459 1065 3495; x_wconf 85' lang='lat' dir='ltr'><strong>von</strong></span> <span class='ocrx_word' id='word_1_369' title='bbox 1075 3440 1302 3509; x_wconf 86' lang='lat' dir='ltr'><strong>einemPlebejer</strong></span> 
     </span>
     <span class='ocr_line' id='line_1_41' title="bbox 126 3509 1301 3586; baseline -0.003 -19"><span class='ocrx_word' id='word_1_370' title='bbox 126 3512 229 3576; x_wconf 89' lang='lat' dir='ltr'><strong>Cato,</strong></span> <span class='ocrx_word' id='word_1_371' title='bbox 243 3510 309 3564; x_wconf 91' lang='lat' dir='ltr'><strong>dem</strong></span> <span class='ocrx_word' id='word_1_372' title='bbox 319 3513 411 3564; x_wconf 86' lang='lat' dir='ltr'><strong>ersten</strong></span> <span class='ocrx_word' id='word_1_373' title='bbox 421 3511 608 3579; x_wconf 85' lang='lat' dir='ltr'><strong>cigentlichen</strong></span> <span class='ocrx_word' id='word_1_374' title='bbox 619 3511 691 3565; x_wconf 83' lang='lat' dir='ltr'><strong>Red·</strong></span> <span class='ocrx_word' id='word_1_375' title='bbox 742 3509 908 3586; x_wconf 87' lang='lat' dir='ltr'><strong>adoptieren</strong></span> <span class='ocrx_word' id='word_1_376' title='bbox 926 3509 989 3563; x_wconf 81' lang='lat' dir='ltr'><strong>liess</strong></span> <span class='ocrx_word' id='word_1_377' title='bbox 1006 3511 1065 3578; x_wconf 85' lang='lat'><strong>—)‚</strong></span> <span class='ocrx_word' id='word_1_378' title='bbox 1089 3528 1136 3564; x_wconf 91' lang='lat' dir='ltr'><strong>um</strong></span> <span class='ocrx_word' id='word_1_379' title='bbox 1160 3509 1210 3564; x_wconf 83' lang='lat' dir='ltr'><strong>aul</strong></span> <span class='ocrx_word' id='word_1_380' title='bbox 1225 3510 1301 3564; x_wconf 84' lang='lat' dir='ltr'><strong>dicae</strong></span> 
     </span>
     <span class='ocr_line' id='line_1_42' title="bbox 125 3576 1302 3646; baseline -0.002 -14"><span class='ocrx_word' id='word_1_381' title='bbox 125 3578 260 3634; x_wconf 87' lang='lat' dir='ltr'><strong>ner&#39;und</strong></span> <span class='ocrx_word' id='word_1_382' title='bbox 285 3578 465 3646; x_wconf 77' lang='lat' dir='ltr'><strong>Anf‘anger</strong></span> <span class='ocrx_word' id='word_1_383' title='bbox 487 3579 547 3632; x_wconf 91' lang='lat' dir='ltr'><strong>der</strong></span> <span class='ocrx_word' id='word_1_384' title='bbox 573 3581 691 3633; x_wconf 90' lang='lat' dir='ltr'><strong>orato·</strong></span> <span class='ocrx_word' id='word_1_385' title='bbox 742 3576 838 3631; x_wconf 87' lang='lat' dir='ltr'><strong>Weise</strong></span> <span class='ocrx_word' id='word_1_386' title='bbox 862 3577 907 3630; x_wconf 90' lang='lat' dir='ltr'><strong>ein</strong></span> <span class='ocrx_word' id='word_1_387' title='bbox 950 3576 1113 3646; x_wconf 83' lang='lat' dir='ltr'><strong>lebejischea</strong></span> <span class='ocrx_word' id='word_1_388' title='bbox 1134 3577 1302 3632; x_wconf 85' lang='lat' dir='ltr'><strong>Geschlecht</strong></span> 
     </span>
     <span class='ocr_line' id='line_1_43' title="bbox 126 3643 1385 3714; baseline -0.004 -13"><span class='ocrx_word' id='word_1_389' title='bbox 126 3646 271 3702; x_wconf 89' lang='lat' dir='ltr'><strong>risohen</strong></span> <span class='ocrx_word' id='word_1_390' title='bbox 288 3645 692 3708; x_wconf 76' lang='lat' dir='ltr'><strong>Litteratur,undacrft.llt</strong></span> <span class='ocrx_word' id='word_1_391' title='bbox 742 3643 1300 3714; x_wconf 78' lang='lat' dir='ltr'><strong>fdruraprdng&#39;chpatriziachausgehen</strong></span> <span class='ocrx_word' id='word_1_392' title='bbox 1381 3685 1385 3696; x_wconf 90' lang='lat'><strong>.</strong></span> 
     </span>
     <span class='ocr_line' id='line_1_44' title="bbox 127 3710 913 3770; baseline -0.008 0"><span class='ocrx_word' id='word_1_393' title='bbox 127 3715 237 3770; x_wconf 84' lang='lat' dir='ltr'><strong>wieder</strong></span> <span class='ocrx_word' id='word_1_394' title='bbox 253 3714 283 3767; x_wconf 92' lang='lat' dir='ltr'><strong>in</strong></span> <span class='ocrx_word' id='word_1_395' title='bbox 300 3713 429 3767; x_wconf 86' lang='lat' dir='ltr'><strong>mehrere</strong></span> <span class='ocrx_word' id='word_1_396' title='bbox 448 3713 623 3768; x_wconf 84' lang='lat' dir='ltr'><strong>Abachnitte.</strong></span> <span class='ocrx_word' id='word_1_397' title='bbox 741 3729 775 3764; x_wconf 85' lang='lat' dir='ltr'><strong>zu</strong></span> <span class='ocrx_word' id='word_1_398' title='bbox 793 3710 913 3765; x_wconf 72' lang='lat' dir='ltr'><strong>konnen.</strong></span> 
     </span>
    </p>

    <p class='ocr_par' dir='ltr' id='par_1_11' title="bbox 125 3779 1300 4255">
     <span class='ocr_line' id='line_1_45' title="bbox 163 3779 1088 3850; baseline -0.004 -14"><span class='ocrx_word' id='word_1_399' title='bbox 163 3783 196 3839; x_wconf 76' lang='lat' dir='ltr'><strong>A.</strong></span> <span class='ocrx_word' id='word_1_400' title='bbox 215 3781 647 3850; x_wconf 78' lang='lat' dir='ltr'><strong>Vorbereitungeperiode</strong></span> <span class='ocrx_word' id='word_1_401' title='bbox 666 3800 690 3839; x_wconf 82' lang='lat' dir='ltr'><strong>a.</strong></span> <span class='ocrx_word' id='word_1_402' title='bbox 775 3795 837 3833; x_wconf 73' lang='lat' dir='ltr'><strong>nom</strong></span> <span class='ocrx_word' id='word_1_403' title='bbox 855 3779 988 3832; x_wconf 81' lang='lat' dir='ltr'><strong>wodurch</strong></span> <span class='ocrx_word' id='word_1_404' title='bbox 1006 3779 1088 3833; x_wconf 91' lang='lat' dir='ltr'><strong>denn.</strong></span> 
     </span>
     <span class='ocr_line' id='line_1_46' title="bbox 127 3844 1300 3916; baseline -0.003 -12"><span class='ocrx_word' id='word_1_405' title='bbox 127 3851 246 3904; x_wconf 89' lang='lat' dir='ltr'><strong>ersten</strong></span> <span class='ocrx_word' id='word_1_406' title='bbox 268 3847 463 3902; x_wconf 85' lang='lat' dir='ltr'><strong>Bldtazeit:</strong></span> <span class='ocrx_word' id='word_1_407' title='bbox 490 3864 545 3902; x_wconf 87' lang='lat' dir='ltr'><strong>von</strong></span> <span class='ocrx_word' id='word_1_408' title='bbox 562 3847 601 3902; x_wconf 88' lang='lat' dir='ltr'><strong>M.</strong></span> <span class='ocrx_word' id='word_1_409' title='bbox 620 3849 689 3903; x_wconf 79' lang='lat' dir='ltr'><strong>Cato</strong></span> <span class='ocrx_word' id='word_1_410' title='bbox 775 3854 816 3900; x_wconf 81' lang='lat'><strong>23.</strong></span> <span class='ocrx_word' id='word_1_411' title='bbox 833 3844 1052 3911; x_wconf 72' lang='lat' dir='ltr'><strong>infunderentur</strong></span> <span class='ocrx_word' id='word_1_412' title='bbox 1063 3846 1300 3916; x_wconf 80' lang='lat' dir='ltr'><strong>hiniibergeleitet</strong></span> 
     </span>
     <span class='ocr_line' id='line_1_47' title="bbox 126 3913 1300 3998; baseline -0.003 -27"><span class='ocrx_word' id='word_1_413' title='bbox 126 3917 171 3971; x_wconf 85' lang='lat' dir='ltr'><strong>bia</strong></span> <span class='ocrx_word' id='word_1_414' title='bbox 195 3916 247 3970; x_wconf 87' lang='lat' dir='ltr'><strong>auf</strong></span> <span class='ocrx_word' id='word_1_415' title='bbox 266 3915 382 3994; x_wconf 69' lang='lat' dir='ltr'><strong>Graecus</strong></span> <span class='ocrx_word' id='word_1_416' title='bbox 404 3915 461 3993; x_wconf 86' lang='lat' dir='ltr'><strong>und</strong></span> <span class='ocrx_word' id='word_1_417' title='bbox 482 3917 622 3994; x_wconf 80' lang='lat' dir='ltr'><strong>Antonius</strong></span> <span class='ocrx_word' id='word_1_418' title='bbox 646 3922 688 3982; x_wconf 84' lang='grc'><strong>(61</strong></span> <span class='ocrx_word' id='word_1_419' title='bbox 741 3914 865 3967; x_wconf 85' lang='lat' dir='ltr'><strong>wiirden.</strong></span> <span class='ocrx_word' id='word_1_420' title='bbox 894 3913 951 3966; x_wconf 84' lang='lat' dir='ltr'><strong>Das</strong></span> <span class='ocrx_word' id='word_1_421' title='bbox 969 3914 1034 3968; x_wconf 91' lang='lat' dir='ltr'><strong>Bild</strong></span> <span class='ocrx_word' id='word_1_422' title='bbox 1051 3914 1089 3992; x_wconf 84' lang='lat' dir='ltr'><strong>ist</strong></span> <span class='ocrx_word' id='word_1_423' title='bbox 1107 3915 1300 3998; x_wconf 33' lang='lat' dir='ltr'><strong>einfaehuvom</strong></span> 
     </span>
     <span class='ocr_line' id='line_1_48' title="bbox 125 3980 1300 4127; baseline -0.003 -21"><span class='ocrx_word' id='word_1_424' title='bbox 125 3983 690 4120; x_wconf 55' lang='lat' dir='ltr'><strong>{attinttptttt{titttltttt</strong></span> <span class='ocrx_word' id='word_1_425' title='bbox 739 3981 1001 4127; x_wconf 68' lang='lat' dir='ltr'><strong>tittttdtt</strong></span> <span class='ocrx_word' id='word_1_426' title='bbox 1016 3980 1300 4104; x_wconf 57' lang='lat' dir='ltr'><strong>llllelltndldi</strong></span> 
     </span>
     <span class='ocr_line' id='line_1_49' title="bbox 125 4116 1299 4255; baseline -0.003 -13"><span class='ocrx_word' id='word_1_427' title='bbox 125 4119 551 4255; x_wconf 53' lang='lat' dir='ltr'><strong>edilf‘hllilllfhlhwl</strong></span> <span class='ocrx_word' id='word_1_428' title='bbox 569 4118 606 4178; x_wconf 80' lang='lat' dir='ltr'><strong>n,</strong></span> <span class='ocrx_word' id='word_1_429' title='bbox 619 4119 688 4174; x_wconf 74' lang='lat' dir='ltr'><strong>aa</strong></span> <span class='ocrx_word' id='word_1_430' title='bbox 739 4116 1299 4239; x_wconf 60' lang='lat' dir='ltr'><strong>tttttttdttttttt.tittit</strong></span> 
     </span>
    </p>

    <p class='ocr_par' dir='ltr' id='par_1_12' title="bbox 163 4251 1299 4322">
     <span class='ocr_line' id='line_1_50' title="bbox 163 4251 1299 4322; baseline -0.004 -10"><span class='ocrx_word' id='word_1_431' title='bbox 163 4259 205 4312; x_wconf 77' lang='lat'><strong>12.</strong></span> <span class='ocrx_word' id='word_1_432' title='bbox 227 4260 292 4309; x_wconf 84' lang='lat' dir='ltr'><strong>onte</strong></span> <span class='ocrx_word' id='word_1_433' title='bbox 309 4270 351 4308; x_wconf 86' lang='lat' dir='ltr'><strong>me</strong></span> <span class='ocrx_word' id='word_1_434' title='bbox 368 4255 504 4310; x_wconf 78' lang='lat' dir='ltr'><strong>coranlnn</strong></span> <span class='ocrx_word' id='word_1_435' title='bbox 522 4260 563 4310; x_wconf 82' lang='lat'><strong>60.</strong></span> <span class='ocrx_word' id='word_1_436' title='bbox 739 4268 788 4306; x_wconf 84' lang='lat' dir='ltr'><strong>aus</strong></span> <span class='ocrx_word' id='word_1_437' title='bbox 811 4257 889 4307; x_wconf 86' lang='lat' dir='ltr'><strong>einer</strong></span> <span class='ocrx_word' id='word_1_438' title='bbox 906 4252 1051 4322; x_wconf 80' lang='lat' dir='ltr'><strong>Amphora</strong></span> <span class='ocrx_word' id='word_1_439' title='bbox 1072 4251 1102 4306; x_wconf 91' lang='lat' dir='ltr'><strong>in</strong></span> <span class='ocrx_word' id='word_1_440' title='bbox 1124 4252 1170 4306; x_wconf 89' lang='lat' dir='ltr'><strong>die</strong></span> <span class='ocrx_word' id='word_1_441' title='bbox 1193 4253 1299 4308; x_wconf 87' lang='lat' dir='ltr'><strong>andere</strong></span> 
     </span>
    </p>
   </div>
   <div class='ocr_carea' id='block_1_4' title="bbox 0 0 1530 4848">
    <p class='ocr_par' dir='ltr' id='par_1_13' title="bbox 0 0 1530 4848">
     <span class='ocr_line' id='line_1_51' title="bbox 0 0 1530 4848; baseline 0 2"><span class='ocrx_word' id='word_1_442' title='bbox 0 0 1530 4848; x_wconf 95' lang='lat' dir='ltr'><strong> </strong></span> 
     </span>
    </p>
   </div>
  </div>
 </body>
</html>
