3016 4846
187 239 249 304 166
593 229 739 285 saurus
758 236 799 297 rr,
816 235 874 284 aaa.
892 235 951 289 aea.

126 391 170 458 72
271 391 316 455 Et
336 391 407 455 ille:
429 387 609 466 Praeclare,
631 385 747 468 inquit,
769 382 829 447 tibi
850 385 991 466 constas,
1012 385 1048 446 ut
1071 381 1109 445 de
1132 381 1178 445 eis
1200 383 1255 466 qui
1275 403 1368 447 nunc

187 478 255 542 sint
276 475 358 539 nihil
381 474 460 538 velis
482 473 551 556 ipse
573 471 693 553 dicere3
717 474 750 534 et
771 464 900 532 hercule
920 469 947 531 si
969 469 1015 531 sie
1037 487 1166 550 agerer,
1194 471 1232 530 ut
1253 466 1293 530 de
1315 469 1366 531 eis

187 561 284 648 egisti
307 560 362 644 qui
383 560 448 623 iam
471 557 591 621 mortui
613 553 883 636 sunt>neminem
902 556 939 616 ut
957 553 1245 636 praetermitteres:
1268 573 1311 615 ne
1325 555 1366 617 tu

187 649 224 712 in
246 645 364 710 multos
386 643 566 707 Autronios
595 644 628 704 et
649 637 796 704 Staienos
818 639 1008 703 incurreres.
1055 634 1161 711 Quare
1187 636 1256 700 sive
1278 635 1366 702 hanc

186 731 317 796 turbam
339 729 479 812 effugere
501 725 629 790 voluisti
657 723 723 788 sive
746 724 866 788 veritus
888 743 937 805 es,
966 743 1008 786 ne
1036 721 1108 804 quis
1131 743 1165 785 se
1191 725 1249 784 aut
1269 739 1398 804 prae-5

189 817 322 880 teritum
345 818 402 877 aut
424 834 491 877 non
513 811 592 875 satis
614 809 779 873 laudatum
801 808 891 892 queri
905 811 1025 891 posset,
1049 807 1088 870 de
1104 805 1238 872 Caesare
1253 810 1366 871 tamen

189 900 326 984 potuisti
349 899 467 975 dicere,
496 895 686 979 praesertim
708 916 781 959 curn
803 898 835 957 et
857 897 948 956 tuum
970 891 1009 956 de
1031 890 1119 955 illius
1146 891 1280 974 ingenio
1306 912 1365 956 no

189 985 351 1048 tissimum
373 982 528 1046 iudicium
550 983 715 1044 essetnec
736 980 822 1043 illius
845 978 883 1041 de
905 981 962 1041 tuo
984 977 1166 1041 obscurum.

125 1083 175 1132 ιιι
277 1067 339 1134 Sed
360 1071 479 1149 tamen,
502 1065 613 1148 Brute,
636 1063 743 1148 inquit
764 1069 930 1146 Arrrcus,
952 1061 991 1126 de
1012 1061 1148 1126 Caesare
1170 1061 1294 1145 etipse
1316 1063 1366 1126 ita

193 1153 299 1218 iudico
322 1155 354 1216 et
376 1152 414 1215 de
437 1152 499 1216 hoo
520 1149 615 1215 huius
630 1151 757 1234 generis
772 1148 927 1214 acerrimo
942 1147 1162 1211 existimatore
1176 1147 1364 1230 saepissime
1379 1166 1411 1205 ιο

193 1239 298 1321 audio,
320 1236 412 1300 illum
435 1236 578 1301 omnium
599 1235 668 1299 fere
689 1239 854 1300 oratomm
868 1232 982 1297 Latine
1004 1231 1094 1315 loqui
1109 1232 1366 1317 elegantissime3

193 1344 254 1387 nec
275 1323 307 1385 id
320 1320 435 1386 'solum
450 1313 631 1386 domestica
653 1319 898 1396 consuetudine,
921 1321 957 1381 ut
979 1316 1098 1380 dudum
1121 1317 1160 1380 de
1182 1315 1366 1381 Laeliorum

194 1413 227 1471 et
254 1406 435 1471 Muciorum
463 1405 607 1493 familiis
616 1406 838 1482 audiebamus,
868 1402 925 1467 sed
952 1423 1148 1485 quamquam
1174 1403 1208 1464 id
1237 1423 1366 1486 quoque

194 1492 288 1556 credo
309 1490 424 1575 fuisse,
447 1495 572 1575 tamen,
594 1494 631 1554 ut
652 1495 739 1555 esset
759 1491 905 1574 perfecta
926 1487 983 1551 illa
1005 1487 1086 1550 bene
1107 1486 1260 1572 loquendi
1282 1486 1365 1569 laus,

194 1576 304 1642 multis
326 1575 442 1640 litteris
464 1580 497 1640 et
518 1576 564 1640 eis
586 1576 716 1661 quidem
737 1574 910 1640 reconditis
933 1576 965 1635 et
987 1571 1152 1655 exquisitis
1174 1593 1366 1657 summoque
1380 1587 1412 1627 1⁵

128 1676 178 1726 253
193 1661 299 1728 studio
322 1666 354 1724 et
376 1661 544 1746 diligentia
566 1668 615 1725 est
637 1665 844 1726 consecutus:
866 1658 923 1742 qui
945 1657 1042 1721 etiam
1057 1657 1092 1720 in
1108 1655 1255 1720 maximis
1269 1678 1366 1722 oocu-

192 1746 378 1834 pationibus
400 1747 440 1811 ad
461 1750 494 1810 te
516 1747 638 1831 ipsum,
661 1746 769 1830 inquit
802 1767 825 1808 n
847 1765 898 1807 mc
920 1742 1073 1840 intuens>
1096 1742 1135 1805 de
1156 1742 1282 1806 ratione
1304 1741 1367 1806 La·

192 1831 261 1895 tine
283 1831 433 1914 loquendi
454 1832 693 1896 accuratissime
732 1829 878 1913 cripserit
899 1827 1066 1911 primoque
1088 1827 1122 1890 in
1144 1826 1226 1890 libro
1249 1826 1368 1891 dixerit

192 1917 363 1980 verborum
386 1916 537 1981 dilectum
566 1916 691 2000 origine
747 1937 817 1980 esse
840 1913 1042 1997 eloquentiae
1068 1911 1292 1995 tribueritque,
1321 1913 1367 1975 mi

192 2000 303 2080 Brute,
326 2000 400 2066 huic
414 2007 534 2086 nostro,
556 2001 611 2086 qui
625 2023 677 2065 me
693 2002 732 2064 de
746 2000 803 2064 illo
818 1999 933 2063 maluit
947 2019 1043 2081 quam
1059 2018 1092 2060 se
1107 1996 1223 2077 dicere,
1238 1995 1366 2060 laudem
1379 2014 1409 2054 ιο

193 2085 405 2171 singularem3
433 2109 510 2151 nam
532 2087 661 2170 scripsit
683 2085 734 2149 his
758 2085 881 2161 verbis,
909 2104 981 2147 oum
1009 2081 1096 2146 hunc
1122 2082 1254 2145 nomine
1282 2087 1368 2145 esset

194 2171 338 2236 adfatus:
369 2179 419 2236 ‘ac
441 2172 484 2255 si,
506 2176 543 2235 ut
566 2172 709 2255 cogitata
730 2169 892 2253 praeclare
915 2167 1022 2251 eloqui
1043 2169 1189 2250 possent,
1212 2166 1366 2230 nonnulli

192 2339 265 2394 noch
283 2339 382 2410 langor
403 2339 456 2392 mit
477 2338 549 2393 euch
573 2338 643 2392 fiber
661 2338 752 2416 Dinge
804 2338 934 2404 chungen
947 2335 1007 2390 sich
1018 2335 1070 2390 auf
1078 2334 1242 2404 schwierige
1253 2335 1368 2389 wissen-

193 2425 227 2461 ιιι
246 2408 432 2468 unterhalten,
451 2405 497 2460 die
515 2405 568 2459 mit
586 2406 753 2460 derPolitrlr
805 2403 969 2460 echaftliche
993 2402 1232 2473 (grammatische)
1254 2401 1367 2473 Fragen

193 2475 328 2529 zuntchst
358 2475 451 2529 nichts
486 2490 520 2526 zu
554 2474 626 2527 thun
660 2473 752 2528 haben
804 2474 931 2541 beregen
949 2478 991 2525 44.
1020 2473 1055 2525 de
1074 2488 1113 2525 or.
1131 2470 1186 2528 18.

195 2542 326 2611 (eundem
344 2543 397 2595 mit
414 2542 465 2595 der
482 2540 640 2604 Rhetorik).
840 2546 879 2594 16.
903 2541 935 2594 ia
952 2539 1083 2593 masimie
1100 2539 1327 2607 occupationibus
1344 2557 1368 2595 s.

228 2612 256 2676 2)
275 2608 560 2664 Charakteristilr
578 2607 754 2665 Lansars
804 2608 861 2662 ind.
881 2607 910 2662 Ο.
929 2607 949 2660 Ι.
970 2607 1081 2663 Caesar.

194 2682 341 2732 251-263.
840 2682 880 2730 1⁷.
909 2675 942 2752 de
965 2676 1073 2729 ratione
1098 2674 1203 2728 Latiae
1235 2675 1369 2752 loquendi

230 2753 251 2802 1.
264 2746 312 2800 ille
324 2761 361 2799 sc.
372 2743 484 2798 Brutus.
496 2745 548 2800 tibi
560 2749 668 2800 constas
677 2750 735 2799 231.
804 2744 876 2798 tiber
897 2742 943 2798 dre
962 2743 1082 2797 Theorie
1106 2742 1155 2798 des
1181 2741 1370 2798 lateimschen

228 2819 254 2869 2.
268 2814 327 2882 ipae
338 2813 422 2866 unter
431 2812 527 2868 deiner
536 2812 641 2868 Person
653 2820 703 2868 247
714 2829 737 2869 c.
806 2810 882 2870 stile.

228 2888 253 2937 3.
271 2899 306 2936 ue
323 2886 355 2935 tu
373 2887 430 2936 249.
841 2885 881 2934 18.
897 2879 1041 2948 primoque
1052 2879 1084 2932 iu
1096 2878 1165 2932 libro
1177 2878 1235 2931 und
1244 2895 1319 2932 zwar
1328 2879 1369 2932 im

229 2956 252 3006 5.
282 2966 309 3005 es
330 2949 409 3017 fdgte
437 2948 495 3003 erst
516 2945 635 3002 Lambin
661 2948 754 3002 hinzu.
805 2947 947 3016 Eingaug‚
973 2961 1017 2999 wo
1044 2945 1147 3001 Caesar
1174 2946 1224 3000 das
1250 2945 1367 3014 Thema,

195 3015 469 3072 Wuhrscheinlicher
480 3016 517 3069 ist
529 3031 567 3082 es,
581 3017 635 3072 den
646 3015 754 3070 Auafall
806 3014 857 3068 des
880 3031 910 3069 er
931 3013 1092 3069 behandeln
1113 3013 1184 3080 will,
1207 3013 1295 3068 nahar
1317 3016 1370 3070 be-

194 3101 246 3140 vor
263 3085 369 3141 veritus
387 3086 587 3141 anauuehmen.
806 3082 943 3138 zeichnet.

195 3222 213 3275 d
229 3154 397 3275 topotua'zsti,
410 3153 467 3274 ¹qeile
484 3153 607 3221 poteras,
621 3151 756 3206 lronntest
838 3147 1371 3273 e2ailpraeclutredlqer(leqanqunzpsum-

217 3239 324 3277 une
365 3237 463 3278 wel.
807 3235 995 3286 mnanglfl
1069 3234 1369 3272 rlwllllslnlfl

229 3294 308 3344 tuum
334 3318 367 3328 -
393 3286 532 3343 iudicium
554 3304 576 3340 ι,
600 3285 658 3341 ind.
682 3285 711 3340 (l.
735 3287 754 3346 Ι,
807 3288 879 3346 (also
897 3287 970 3340 noch
988 3284 1066 3339 nieht
1083 3235 1369 3353 einmaleinegrorgse

196 3355 304 3412 Caesar.
807 3353 886 3421 Zahl)
917 3352 1006 3407 durch
1036 3353 1252 3420 (fortgesetztes
1283 3369 1370 3420 ange-

229 3430 253 3478 9.
285 3424 340 3480 Sed
372 3429 464 3478 tumea
495 3452 527 3462 —
557 3419 622 3475 futu
647 3420 756 3476 Atticus
807 3423 959 3490 strengtes)
972 3420 1103 3475 Studium
1115 3419 1173 3474 und
1186 3420 1273 3473 durch
1286 3420 1369 3488 (fort-

195 3491 277 3569 rasch
294 3493 338 3571 ein
359 3491 443 3559 (deun
462 3489 559 3544 Cicero
577 3489 665 3544 selbst
683 3490 755 3543 will
807 3490 968 3569 wdhreude)
992 3478 1097 3609 Ubunff
1119 3487 1206 3542 dahin
1232 3488 1373 3608 qebracht

195 3558 255 3612 arch
272 3558 334 3611 hier
351 3557 422 3612 tiber
439 3556 542 3612 Caesar
563 3557 604 3610 als
622 3556 756 3612 ltedner
806 3558 914 3624 haben,
942 3559 1003 3612 rhre
1030 3557 1070 3612 Ge
1093 3557 1184 3610 anlren
1210 3555 1231 3609 k
1253 3572 1289 3610 ar
1310 3557 1372 3610 und

195 3625 274 3679 nicht
313 3624 450 3691 tussam:
495 3624 567 3678 doeh
605 3625 658 3680 wie
691 3626 756 3680 dem
807 3626 1050 3681 verstttndlich
1075 3623 1242 3692 (praeclare)
1271 3639 1372 3676 auszu-

196 3693 268 3748 auch
286 3693 347 3748 sein
365 3707 440 3760 mag,
455 3690 607 3761 Jedenfalls
620 3693 695 3748 steht
707 3693 756 3749 dae
808 3693 944 3749 drdoken:
973 3711 1002 3748 so
1026 3694 1091 3747 hest
1114 3693 1152 3745 du
1174 3691 1218 3743 dir
1241 3690 1287 3744 ein
1313 3691 1373 3746 viel

196 3761 250 3816 fest
269 3761 321 3819 etc.
806 3761 926 3818 hoheres
960 3761 1112 3816 Verdienst
1147 3758 1291 3813 erworben
1326 3759 1370 3814 als

232 3835 271 3883 10.
291 3829 325 3883 de
342 3843 391 3882 aur
410 3826 474 3880 dem
488 3825 607 3882 Munda:
626 3845 653 3897 p.
665 3827 755 3883 Bulbo
808 3830 991 3898 eigentlicher
1014 3829 1151 3898 Schdpfer
1176 3829 1234 3880 und
1261 3827 1371 3894 'Preger

198 3903 228 3952 11
243 3895 346 3952 Audivi
357 3895 411 3949 hoc
423 3895 457 3949 de
469 3896 588 3964 parente
600 3910 664 3950 meo
677 3912 756 3964 puer.
808 3897 859 3952 der
881 3897 1071 3952 oratorischen
1095 3895 1192 3964 copim
1215 3912 1269 3949 nur
1291 3895 1371 3950 disse

231 3965 419 4020 eximimutore
437 3968 478 4017 92.
808 3965 1014 4033 gewthnliche,
1031 3964 1135 4018 leichte
1148 3962 1236 4017 Prusa
1253 3980 1288 4015 zu
1300 3963 1371 4016 keu-

234 4039 274 4087 12.
300 4031 448 4088 demeatlco
474 4029 671 4086 cousuetudine
697 4036 756 4086 210.
808 4049 876 4098 nen,
901 4033 927 4086 d.
950 4033 976 4087 h.
999 4033 1075 4087 ihrer
1098 4031 1203 4086 mtehti
1250 4048 1283 4084 zu
1310 4031 1372 4085 sein

199 4100 307 4156 dodran
327 4107 384 4156 138.
499 4166 504 4178 ¹
821 4101 858 4153 im
872 4099 1029 4171 Gegensatz
1047 4119 1081 4155 zu
1100 4101 1149 4155 der
1166 4049 1224 4154 hol

234 4176 273 4224 13.
293 4169 325 4223 id
338 4182 443 4237 quoque
459 4184 479 4221 s.
496 4165 554 4221 md.
570 4165 598 4221 Ο.
611 4165 632 4220 Ι.
647 4164 759 4221 Caesar.
824 4165 960 4237 oriecheu)
973 4171 1046 4222 mura
1064 4184 1117 4223 von
1136 4185 1193 4221 nun
1212 4183 1248 4220 an
1261 4166 1303 4220 als
1322 4167 1370 4221 ein

234 4242 275 4293 15.
295 4237 445 4292 reconditis
461 4235 585 4290 insolern
603 4233 678 4289 aeine
698 4249 758 4288 aus·
810 4236 1033 4290 dberwundener
1050 4234 1232 4304 Standpunlrt
1249 4235 1355 4303 gelten.

198 4304 356 4360 ltihrlichen
381 4305 440 4358 und
466 4319 596 4372 genuuen
624 4301 759 4356 Untersu·
840 4303 986 4370 praeclare
999 4302 1057 4358 also
1071 4302 1374 4373 abgesehenvondem

1225 4115 1292 4153 eren
1309 4114 1372 4154 0ῐῆ-
