3050 4848
602 261 746 317 BRUTUS
765 269 806 330 21,
825 269 868 318 83.
1279 265 1322 331 85

151 437 190 480 ex
207 415 329 479 Latinis
351 415 408 478 illa
423 417 585 480 oratorum
607 415 736 501 propria
757 418 789 480 et
810 416 901 499 quasi
923 415 1068 500 legitima
1087 437 1184 500 opera
1206 420 1324 483 tracta-

150 502 214 576 vit,
243 504 279 564 ut
308 500 514 584 egrederetur
541 521 560 564 a
587 501 751 584 proposito
780 501 918 564 ornandi
949 522 1060 584 cause,
1089 506 1126 566 ut
1153 502 1326 567 delectaret

151 586 288 668 animos,
310 589 347 648 ut
368 588 585 668 permoveret,
609 588 644 649 ut
666 589 800 668 augeret
821 606 906 670 rem,
932 590 968 650 ut
990 587 1266 670 miserationibus,
1290 591 1325 652 ut

152 670 375 734 communibus
398 670 477 734 locis
499 673 650 738 uteretur.
688 669 750 735 Sed
772 670 883 735 nescio
905 670 1081 754 quomodo
1101 672 1205 754 huius,
1230 692 1324 755 quem

123 758 280 825 sconstat
303 754 489 838 eloquentia
511 755 724 838 praestitisse,
748 755 896 819 exiliores
918 756 1081 820 orationes
1104 759 1180 820 sunt
1202 759 1234 821 et
1255 756 1324 820 red·

150 841 274 904 olentes
303 839 407 924 magis
437 840 662 921 antiquitatem
686 860 782 923 quam
805 844 860 904 unt
885 839 983 904 Laelii
1006 843 1062 904 aut
1084 839 1245 925 Scipionis
1268 844 1325 905 sut

149 925 248 988 etiam
270 924 373 1007 ipsius
396 923 532 988 Catonis
554 924 663 1009 itaque
686 928 893 1004 exaruerunt,
918 925 971 989 vix
992 925 1056 990 iem
1079 929 1116 989 ut
1137 930 1324 1009 appareant.

234 1009 285 1073 De
313 1009 415 1092 ipsius
443 1008 546 1073 Laelii
575 1013 607 1074 et
634 1009 796 1092 Scipionis
827 1010 960 1094 ingenio
989 1031 1182 1094 quamquam
1211 1032 1248 1074 ea
1276 1012 1326 1075 est
1343 1022 1376 1073 83

151 1093 251 1175 famu,
274 1097 312 1157 ut
336 1093 509 1177 plurimum
532 1094 692 1159 tribuatur
715 1093 881 1176 ambobus,
906 1095 1031 1159 dicendi
1054 1099 1161 1160 temen
1185 1095 1255 1160 laus
1277 1099 1327 1160 est

114 1208 140 1247 ιο
154 1178 188 1240 in
212 1178 321 1241 Laelio
350 1177 510 1247 illustrior.
555 1182 600 1242 At
627 1179 730 1243 oratio
753 1178 855 1244 Laelii
882 1180 921 1243 de
948 1179 1091 1264 collegiis
1119 1200 1185 1244 non
1212 1180 1326 1245 melior

154 1284 252 1346 quam
274 1263 312 1326 de
335 1262 442 1327 multis
465 1285 561 1347 quem
578 1264 666 1329 voles
682 1263 856 1350 Scipionis3
880 1286 948 1329 non
969 1286 1032 1349 quo
1047 1265 1104 1329 illa
1119 1264 1219 1329 Laelii
1236 1265 1326 1348 quid-

154 1413 207 1466 mit
225 1413 298 1467 enim
322 1412 380 1466 fust
402 1431 437 1467 zu
460 1415 553 1468 einem
570 1414 654 1470 Wort
676 1417 716 1482 (in
802 1423 825 1470 7.
844 1417 939 1484 itaque
957 1421 1128 1471 ecuruemmt
1140 1445 1172 1458 -
1184 1415 1278 1470 beben
1295 1416 1325 1470 in

155 1481 205 1534 der
227 1481 397 1551 Bedeutung
424 1498 479 1535 von
508 1483 634 1548 etenim).
678 1483 715 1537 So
767 1483 831 1537 dem
844 1484 937 1538 Grsde
951 1484 996 1538 dic
1008 1483 1094 1538 ibnen
1107 1484 1153 1539 bei
1169 1483 1246 1539 ihrer
1258 1483 1325 1538 Ent-

153 1547 234 1602 Tusc.
257 1549 271 1601 I
294 1554 327 1604 52
354 1548 405 1603 Est
430 1549 502 1602 illud
529 1551 643 1617 quidem
668 1553 715 1607 vel
767 1552 867 1606 stehun
891 1582 950 1618 ,-
969 1552 1011 1606 als
1029 1552 1136 1606 sievon
1153 1551 1244 1605 ihrcm
1254 1550 1325 1606 Ver-

130 1645 132 1654 ν
153 1617 435 1695 maximum,·enimo
453 1617 463 1670 i
485 1633 514 1671 so
534 1619 658 1673 animum
677 1619 715 1672 vi·
766 1620 856 1673 fasser
868 1569 1004 1690 febendig
1021 1620 1196 1687 gesprochen
1210 1619 1326 1673 worden

151 1684 233 1750 dere,
259 1686 289 1738 ct
305 1700 436 1738 nimirum
461 1634 534 1740 isne
551 1686 639 1742 babet
656 1687 714 1741 vim
766 1687 843 1742 -ei
866 1703 918 1741 ene
935 1686 1048 1741 Friscbe
1071 1687 1129 1740 und
1151 1687 1240 1763 Fsrbe
1264 1687 1325 1741 der-

150 1755 336 1822 praeceptum
354 1753 512 1821 Apollinis,
532 1769 588 1821 quo
606 1757 713 1825 monet,
765 1756 829 1823 gest
858 1755 1021 1820 tverloren,
1033 1755 1095 1808 sind
1107 1769 1137 1808 so
1151 1754 1324 1820 vcrblrehen‚

151 1823 183 1874 ut
201 1837 230 1874 se
250 1820 369 1887 quisque
387 1823 494 1876 noscat.
767 1823 829 1877 dass
851 1823 891 1876 sie
914 1822 1000 1875 baum
1023 1821 1095 1876 noch
1112 1822 1142 1875 in
1160 1822 1207 1875 die
1224 1821 1325 1891 Augen

188 1898 209 1940 1.
230 1893 372 1942 oratorem
385 1903 424 1956 pr
459 1890 513 1943 rio.
544 1889 714 1945 deor.153
766 1889 867 1953 follem
897 1890 950 1944 wie
980 1889 1164 1958 getroclrnete
1192 1889 1326 1944 Pflanzen

150 1955 219 2019 Quis
254 1957 328 2008 enim
364 1972 468 2024 nesci,
505 1957 626 2012 maxime
657 1961 716 2012 vim
768 1961 835 2011 oder
852 1957 972 2011 Blumen
990 1959 1019 2010 in
1038 1958 1129 2011 ciuem
1147 1957 1327 2023 Herberium,

151 2022 273 2077 existere
291 2024 411 2078 oratoris
428 2023 457 2077 in
475 2025 620 2078 hominum
638 2042 715 2080 men·
767 2025 813 2078 die
825 2041 881 2079 von
898 2025 990 2079 ihrem
1002 2025 1236 2092 ursprr'inglieben
1249 2025 1327 2078 Grfin

149 2091 228 2144 tibus
251 2091 296 2144 vel
322 2091 360 2144 cd
388 2090 460 2146 iram
485 2093 532 2146 vel
560 2093 597 2147 ed
620 2093 715 2147 odium
767 2093 824 2146 und
837 2092 913 2146 ihrer
924 2092 1058 2146 fritheren
1068 2090 1328 2146 Ferbenschdnheit

150 2160 202 2212 aut
213 2158 340 2212 dolorem
358 2157 510 2214 incitandis
523 2160 569 2214 vel
588 2160 624 2214 ab
636 2161 714 2216 hisce
768 2160 820 2225 (als
847 2161 886 2213 sie
913 2160 986 2214 noch
1011 2159 1097 2214 frisch
1124 2161 1229 2228 waren)
1252 2160 1328 2228 J'etzt

149 2225 251 2279 iisdem
269 2226 494 2293 permotionibus
510 2228 546 2281 ed
564 2228 714 2283 lenitatem
766 2230 821 2295 (wo
844 2229 884 2282 sie
909 2227 950 2281 ult
972 2228 1045 2296 sind)
1066 2226 1145 2281 nicht
1167 2227 1224 2281 viel
1246 2226 1327 2280 mehr

149 2293 431 2362 misericordiamque
459 2295 645 2350 revocandis?
681 2304 714 2352 60
767 2295 1022 2350 erkennenlessen.
1038 2294 1326 2349 Tusclllleoc-

171 2361 228 2414 uod
252 2378 339 2415 unum
362 2361 392 2415 in
412 2367 522 2418 oratore
544 2364 714 2418 dominatur.
765 2363 882 2417 verbum
906 2365 953 2430 (sc.
973 2367 1103 2432 ‘recens')
1127 2363 1166 2416 sic
1188 2363 1326 2432 interpre-

149 2429 164 2482 Ι
193 2433 250 2487 178.
276 2429 316 2482 ΙΙΙ
330 2436 379 2484 104
401 2447 511 2484 summe
534 2433 630 2486 autem
653 2432 715 2486 leus
766 2432 875 2498 tantur,
899 2432 982 2484 ut-
1001 2447 1086 2497 quum
1104 2430 1153 2484 diu
1172 2431 1202 2484 in
1224 2431 1274 2484 illo
1292 2460 1324 2468 -

150 2498 332 2565 eloquentiae
365 2502 409 2551 est
444 2498 618 2568 amplificare
654 2517 714 2556 rem
764 2498 807 2551 uis
821 2499 962 2567 quaedem
979 2498 1059 2565 insit,
1079 2504 1112 2554 ut
1128 2499 1219 2568 oipeat
1237 2504 1262 2554 et
1279 2499 1326 2576 hu-

150 2563 287 2620 ornando.
766 2567 827 2620 beot
858 2567 985 2621 eumdem
1002 2566 1185 2634 viriditatem,
1204 2568 1262 2621 tam
1277 2566 1325 2618 dru

169 2634 267 2710 ‘quest
289 2633 413 2702 lepite'mu
436 2663 467 2673 -
492 2635 567 2688 denn
589 2651 644 2688 nur
662 2653 713 2688 un·
766 2581 927 2703 appelletur
944 2651 1050 2689 recens.
1068 2664 1101 2674 —
1119 2634 1191 2688 Huic
1210 2636 1256 2702 (sc.
1275 2637 1325 2711 Ar·

149 2699 305 2769 ergentlrcb
327 2700 402 2754 kann
421 2701 496 2755 dicse
515 2700 714 2771 Bezeichnung
764 2703 904 2768 temisise)
931 2704 993 2757 eret
1022 2701 1073 2756 ills
1100 2702 1193 2780 opinio
1221 2701 1325 2756 cotidie

151 2767 293 2836 (legitima
311 2770 408 2836 opera)
426 2769 472 2822 l‘r‘ir
488 2769 563 2823 disse
576 2770 713 2824 besonde·
765 2784 871 2834 recens,
890 2787 963 2838 quae
980 2774 1041 2823 tum
1060 2770 1182 2836 demque
1199 2785 1255 2823 non
1277 2785 1326 2837 ep-

150 2851 202 2890 ren
221 2835 386 2889 wesentlich
410 2837 602 2891 oratorischen
619 2837 713 2892 Funk-
764 2837 888 2905 pelletur
905 2852 1011 2904 recens,
1030 2852 1092 2892 cum
1109 2843 1244 2892 oetmtate
1261 2853 1326 2891 eea-

150 2903 248 2957 tionen
266 2903 427 2970 gebraucht
443 2905 558 2958 werden
576 2910 618 2958 21.
764 2905 833 2960 ruit.
879 2903 932 2959 Die
961 2904 1119 2974 Konjcktur
1150 2905 1327 2959 evanuerunt

186 2977 211 3026 2.
232 2971 406 3039 eprederetmr
421 3001 452 3010 -
471 2988 528 3026 was
547 2973 592 3026 die
611 2971 715 3027 Rheto-
765 2989 824 3026 war
841 2971 930 3025 daber
948 2972 1012 3027 sehr
1030 2971 1218 3041 ungldcklicb.

149 3039 713 3162 {2¹3su‘'llrrlzszlrlstfftd
766 3039 948 3162 adsilit?
964 3037 1263 3175 silletum}
1284 3058 1325 3162 ll

151 3173 292 3228 sonderen
305 3173 436 3228 Redeteil
453 3173 593 3228 mechten.
624 3175 658 3228 de
672 3191 712 3230 or.
766 3176 838 3230 eben
855 3147 907 3228 dur
919 3191 968 3227 eur
977 3173 1188 3242 Vergleichung
1200 3177 1326 3243 genennt

149 3241 226 3296 1180
244 3241 294 3294 alii
311 3241 411 3296 iubent
428 3244 581 3311 antequem
599 3258 713 3311 perore-
764 3257 867 3297 waren.
899 3249 930 3297 77
949 3241 1046 3312 Ipsum
1065 3240 1224 3311 Scipionem
1246 3258 1324 3297 occe-

148 3312 196 3363 tur
208 3309 332 3364 ormamde'
350 3314 401 3363 emt
418 3310 543 3378 oupemdi
561 3327 646 3366 eausa
664 3312 712 3366 de·
764 3310 857 3379 pimus
876 3312 928 3366 etc.

148 3375 239 3446 gredi.
269 3377 363 3442 Quint.
378 3376 419 3431 IV
429 3384 453 3442 3,
469 3383 501 3430 14
513 3378 541 3434 ff.
799 3384 823 3435 9.
850 3377 930 3443 fama
953 3383 1003 3431 259
1026 3377 1098 3432 bene
1121 3376 1256 3445 loquendi
1282 3377 1324 3432 fe·

184 3451 208 3498 3.
232 3450 264 3498 ut
282 3449 394 3522 cuperet
411 3473 445 3484 ·-
464 3444 508 3499 die
528 3435 651 3514 αὔξησις
673 3446 712 3500 im
764 3462 854 3512 mam,
877 3445 930 3499 mit
947 3445 1010 3500 leus
1029 3445 1132 3499 ebenso
1150 3461 1324 3499 zusammen-

148 3512 285 3566 weiteren
304 3511 371 3565 Srnn
394 3511 522 3566 schliesst
543 3513 605 3567 ibre
624 3514 711 3568 Kchr·
764 3511 881 3580 gestellt
898 3514 935 3567 ed
952 3513 1030 3570 Fam.
1050 3511 1088 3566 IX
1103 3518 1170 3576 16‚3
1193 3513 1325 3582 Effugere

149 3578 230 3648 scite,
250 3580 295 3634 die
314 3583 447 3647 μείωσις,
465 3579 518 3634 mit
536 3580 590 3635 ein.
648 3597 651 3604 ’
764 3582 861 3634 autem
879 3580 902 3634 si
919 3581 1004 3634 velim
1023 3582 1222 3636 nonnullorum
1241 3584 1324 3636 acute

183 3653 207 3702 4.
232 3648 422 3702 commisertus
439 3647 506 3702 locis
524 3678 555 3687 -
576 3649 621 3703 die
640 3649 712 3704 eben
763 3649 814 3702 aut
833 3649 925 3702 facete
945 3648 1084 3702 dictorum
1103 3649 1222 3716 famam,
1244 3649 1324 3716 fama

148 3713 177 3767 in
196 3715 247 3769 der
260 3710 393 3793 αὔξησις,
414 3715 464 3769 der
481 3715 641 3836 indifinctio
654 3717 712 3770 und
762 3717 872 3785 imperiii
894 3716 964 3769 mibi
986 3718 1030 3770 eet
1052 3717 1223 3783 obiicienda,
1247 3717 1325 3785 quod

149 3783 357 3838 commiseratio
373 3783 435 3836 rhre
454 3783 541 3838 beson
563 3800 609 3838 erc
623 3783 711 3838 Stelle
763 3784 787 3838 si
799 3799 911 3853 possem
923 3799 979 3836 non
991 3800 1159 3839 recusarem.
1181 3784 1246 3839 Tac.
1257 3783 1323 3843 dial,

146 3850 262 3918 hatten,
286 3851 321 3904 de
346 3867 386 3904 or.
404 3850 445 3904 111
466 3851 555 3905 106ff.
587 3851 633 3907 Or.
654 3858 710 3908 125.
763 3850 996 3917 reorterio?
1021 3853 1097 3906 sema
1115 3854 1145 3906 et
1165 3853 1227 3906 leus
1245 3851 1325 3905 cuius

146 3919 184 3972 dc
201 3918 257 3972 inv.
271 3918 283 3972 I
298 3925 341 3977 97.
763 3919 831 3972 artis
849 3935 913 3972 cum
931 3920 1074 3974 oratorum
1096 3919 1188 3989 glorie
1209 3933 1324 3988 compa·

182 3991 206 4040 5.
234 3987 372 4041 orationes
396 4015 427 4024 —
452 4000 506 4040 von
530 3986 620 4040 denen
644 4003 710 4041 rnen
762 3987 852 4042 rende
869 3991 931 4042 est?

147 4053 190 4108 als
201 4054 423 4108 unmittelberen
433 4053 606 4122 Zeugnissen
619 4055 711 4110 seiner
797 4060 837 4109 11.
856 4055 890 4109 de
907 4055 1004 4110 multis
1015 4054 1069 4108 wic
1084 4060 1133 4108 125
1150 4054 1185 4109 de
1198 4053 1322 4122 superio·

147 4121 311 4190 eloquentia
331 4123 381 4176 des
399 4120 547 4191 Gegenteil
571 4125 710 4177 erwurten
761 4122 852 4189 ribus,
873 4128 920 4177 181
940 4123 1160 4188 desinentem,
1180 4138 1250 4190 quos
1267 4122 1323 4189 ipsi

146 4189 244 4256 sollte,
272 4190 341 4244 aber
363 4190 413 4244 der
436 4189 576 4244 suchliche
600 4190 709 4245 Befund
762 4189 897 4257 vidimus,
934 4189 1075 4244 neminem
1109 4189 1167 4244 fere
1197 4190 1322 4258 proeter-

147 4257 225 4312 steht
246 4258 349 4324 gernde
368 4257 428 4313 hier
445 4257 475 4310 in
494 4256 653 4326 Gegensstz
676 4275 710 4312 ru
761 4258 900 4312 mittimus
918 4260 970 4312 etc.
999 4264 1046 4313 189
1064 4259 1160 4312 tamen
1178 4261 1271 4312 utrum
1288 4257 1322 4311 de

149 4325 216 4380 dem
234 4325 422 4396 allgemeinen
442 4325 540 4380 Urteil.
570 4332 604 4380 99
616 4325 648 4380 ff.
761 4324 805 4379 his
824 4329 876 4380 etc.
904 4327 949 4380 Or.
962 4331 1021 4381 223.
