<?xml version="1.0" encoding="UTF-8"?>
<!DOCTYPE html PUBLIC "-//W3C//DTD XHTML 1.0 Transitional//EN"
    "http://www.w3.org/TR/xhtml1/DTD/xhtml1-transitional.dtd">
<html xmlns="http://www.w3.org/1999/xhtml" xml:lang="en" lang="en">
 <head>
  <title>
</title>
<meta http-equiv="Content-Type" content="text/html;charset=utf-8" />
  <meta name='ocr-system' content='tesseract 3.04.00' />
  <meta name='ocr-capabilities' content='ocr_page ocr_carea ocr_par ocr_line ocrx_word'/>
</head>
<body>
  <div class='ocr_page' id='page_1' title='image "./cicerosbrutus00pidegoog_0215.png"; bbox 0 0 3016 4846; ppageno 0'>
   <div class='ocr_carea' id='block_1_1' title="bbox 445 247 1288 315">
    <p class='ocr_par' dir='ltr' id='par_1_1' title="bbox 445 247 1288 315">
     <span class='ocr_line' id='line_1_1' title="bbox 445 247 1288 315; baseline 0.009 -8"><span class='ocrx_word' id='word_1_1' title='bbox 445 247 600 308; x_wconf 70' lang='lat' dir='ltr'>,BRUTUS</span> <span class='ocrx_word' id='word_1_2' title='bbox 618 254 660 315; x_wconf 84' lang='lat' dir='ltr'><strong>co,</strong></span> <span class='ocrx_word' id='word_1_3' title='bbox 679 253 737 304; x_wconf 78' lang='lat' dir='ltr'><strong>ara</strong></span> <span class='ocrx_word' id='word_1_4' title='bbox 767 252 809 314; x_wconf 82' lang='lat'><strong>91,</strong></span> <span class='ocrx_word' id='word_1_5' title='bbox 827 253 886 304; x_wconf 84' lang='lat' dir='ltr'><strong>ara.</strong></span> <span class='ocrx_word' id='word_1_6' title='bbox 906 255 964 303; x_wconf 83' lang='lat'><strong>314.</strong></span> <span class='ocrx_word' id='word_1_7' title='bbox 1226 251 1288 314; x_wconf 84' lang='grc'><strong>203</strong></span> 
     </span>
    </p>
   </div>
   <div class='ocr_carea' id='block_1_2' title="bbox 14 401 1390 2269">
    <p class='ocr_par' dir='ltr' id='par_1_2' title="bbox 14 401 1390 2269">
     <span class='ocr_line' id='line_1_2' title="bbox 118 401 1289 484; baseline -0.004 -13"><span class='ocrx_word' id='word_1_8' title='bbox 118 406 255 471; x_wconf 85' lang='lat' dir='ltr'><strong>Murena</strong></span> <span class='ocrx_word' id='word_1_9' title='bbox 282 404 409 468; x_wconf 76' lang='lat' dir='ltr'><strong>sublati.</strong></span> <span class='ocrx_word' id='word_1_10' title='bbox 453 401 535 466; x_wconf 74' lang='lat' dir='ltr'><strong>Turn</strong></span> <span class='ocrx_word' id='word_1_11' title='bbox 562 401 701 484; x_wconf 89' lang='lat' dir='ltr'><strong>primum</strong></span> <span class='ocrx_word' id='word_1_12' title='bbox 728 421 787 464; x_wconf 90' lang='lat' dir='ltr'><strong>nos</strong></span> <span class='ocrx_word' id='word_1_13' title='bbox 816 401 855 464; x_wconf 90' lang='lat' dir='ltr'><strong>ad</strong></span> <span class='ocrx_word' id='word_1_14' title='bbox 884 422 998 466; x_wconf 80' lang='lat' dir='ltr'><strong>causas</strong></span> <span class='ocrx_word' id='word_1_15' title='bbox 1025 404 1057 465; x_wconf 90' lang='lat' dir='ltr'><strong>et</strong></span> <span class='ocrx_word' id='word_1_16' title='bbox 1086 401 1227 484; x_wconf 88' lang='lat' dir='ltr'><strong>privatas</strong></span> <span class='ocrx_word' id='word_1_17' title='bbox 1256 406 1289 466; x_wconf 89' lang='lat' dir='ltr'><strong>et</strong></span> 
     </span>
     <span class='ocr_line' id='line_1_3' title="bbox 117 486 1289 576; baseline -0.006 -20"><span class='ocrx_word' id='word_1_18' title='bbox 117 491 262 576; x_wconf 86' lang='lat' dir='ltr'><strong>publicas</strong></span> <span class='ocrx_word' id='word_1_19' title='bbox 295 489 383 553; x_wconf 88' lang='lat' dir='ltr'><strong>adire</strong></span> <span class='ocrx_word' id='word_1_20' title='bbox 417 487 596 572; x_wconf 89' lang='lat' dir='ltr'><strong>coepimus,</strong></span> <span class='ocrx_word' id='word_1_21' title='bbox 628 507 695 549; x_wconf 93' lang='lat' dir='ltr'><strong>non</strong></span> <span class='ocrx_word' id='word_1_22' title='bbox 726 487 763 549; x_wconf 88' lang='lat' dir='ltr'><strong>ut</strong></span> <span class='ocrx_word' id='word_1_23' title='bbox 794 486 829 549; x_wconf 93' lang='lat' dir='ltr'><strong>in</strong></span> <span class='ocrx_word' id='word_1_24' title='bbox 860 486 931 550; x_wconf 85' lang='lat' dir='ltr'><strong>foro</strong></span> <span class='ocrx_word' id='word_1_25' title='bbox 964 486 1171 567; x_wconf 77' lang='lat' dir='ltr'><strong>disseremus,</strong></span> <span class='ocrx_word' id='word_1_26' title='bbox 1205 487 1289 570; x_wconf 88' lang='lat' dir='ltr'><strong>quod</strong></span> 
     </span>
     <span class='ocr_line' id='line_1_4' title="bbox 117 571 1288 660; baseline -0.003 -20"><span class='ocrx_word' id='word_1_27' title='bbox 117 576 261 660; x_wconf 85' lang='lat' dir='ltr'><strong>plerique</strong></span> <span class='ocrx_word' id='word_1_28' title='bbox 283 575 445 654; x_wconf 84' lang='lat' dir='ltr'><strong>fecerunt,</strong></span> <span class='ocrx_word' id='word_1_29' title='bbox 475 572 530 636; x_wconf 87' lang='lat' dir='ltr'><strong>sed</strong></span> <span class='ocrx_word' id='word_1_30' title='bbox 558 573 609 648; x_wconf 90' lang='lat' dir='ltr'><strong>ut,</strong></span> <span class='ocrx_word' id='word_1_31' title='bbox 639 576 793 654; x_wconf 88' lang='lat' dir='ltr'><strong>quantum</strong></span> <span class='ocrx_word' id='word_1_32' title='bbox 821 592 881 635; x_wconf 88' lang='lat' dir='ltr'><strong>nos</strong></span> <span class='ocrx_word' id='word_1_33' title='bbox 910 571 1037 636; x_wconf 87' lang='lat' dir='ltr'><strong>efficere</strong></span> <span class='ocrx_word' id='word_1_34' title='bbox 1063 572 1288 654; x_wconf 84' lang='lat' dir='ltr'><strong>potuissemus,</strong></span> 
     </span>
     <span class='ocr_line' id='line_1_5' title="bbox 117 653 1353 738; baseline -0.002 -14"><span class='ocrx_word' id='word_1_35' title='bbox 117 661 203 725; x_wconf 87' lang='lat' dir='ltr'><strong>docti</strong></span> <span class='ocrx_word' id='word_1_36' title='bbox 230 661 266 724; x_wconf 91' lang='lat' dir='ltr'><strong>in</strong></span> <span class='ocrx_word' id='word_1_37' title='bbox 294 659 400 723; x_wconf 86' lang='lat' dir='ltr'><strong>iorum</strong></span> <span class='ocrx_word' id='word_1_38' title='bbox 427 657 617 723; x_wconf 84' lang='lat' dir='ltr'><strong>veniremus.</strong></span> <span class='ocrx_word' id='word_1_39' title='bbox 666 653 789 720; x_wconf 75' lang='lat' dir='ltr'><strong>Eodem</strong></span> <span class='ocrx_word' id='word_1_40' title='bbox 815 659 960 738; x_wconf 87' lang='lat' dir='ltr'><strong>tempore</strong></span> <span class='ocrx_word' id='word_1_41' title='bbox 989 655 1115 721; x_wconf 90' lang='lat' dir='ltr'><strong>Moloni</strong></span> <span class='ocrx_word' id='word_1_42' title='bbox 1142 657 1285 721; x_wconf 89' lang='lat' dir='ltr'><strong>dedimus</strong></span> <span class='ocrx_word' id='word_1_43' title='bbox 1303 670 1353 721; x_wconf 82' lang='lat'><strong>312</strong></span> 
     </span>
     <span class='ocr_line' id='line_1_6' title="bbox 91 739 1287 829; baseline 0.003 -26"><span class='ocrx_word' id='word_1_44' title='bbox 91 763 261 829; x_wconf 78' lang='lat' dir='ltr'><strong>coperam3</strong></span> <span class='ocrx_word' id='word_1_45' title='bbox 287 744 443 808; x_wconf 79' lang='lat' dir='ltr'><strong>dictatore</strong></span> <span class='ocrx_word' id='word_1_46' title='bbox 469 742 556 805; x_wconf 90' lang='lat' dir='ltr'><strong>enim</strong></span> <span class='ocrx_word' id='word_1_47' title='bbox 578 739 668 805; x_wconf 84' lang='lat' dir='ltr'><strong>Sulla</strong></span> <span class='ocrx_word' id='word_1_48' title='bbox 695 741 820 825; x_wconf 82' lang='lat' dir='ltr'><strong>legatus</strong></span> <span class='ocrx_word' id='word_1_49' title='bbox 842 740 882 804; x_wconf 89' lang='lat' dir='ltr'><strong>ad</strong></span> <span class='ocrx_word' id='word_1_50' title='bbox 911 744 1059 805; x_wconf 88' lang='lat' dir='ltr'><strong>senatum</strong></span> <span class='ocrx_word' id='word_1_51' title='bbox 1087 741 1125 806; x_wconf 92' lang='lat' dir='ltr'><strong>de</strong></span> <span class='ocrx_word' id='word_1_52' title='bbox 1147 740 1287 806; x_wconf 85' lang='lat' dir='ltr'><strong>Rhodio-</strong></span> 
     </span>
     <span class='ocr_line' id='line_1_7' title="bbox 117 824 1288 914; baseline -0.005 -20"><span class='ocrx_word' id='word_1_53' title='bbox 117 853 189 894; x_wconf 92' lang='lat' dir='ltr'><strong>rum</strong></span> <span class='ocrx_word' id='word_1_54' title='bbox 216 829 366 914; x_wconf 87' lang='lat' dir='ltr'><strong>praemiie</strong></span> <span class='ocrx_word' id='word_1_55' title='bbox 393 830 536 891; x_wconf 88' lang='lat' dir='ltr'><strong>venerat.</strong></span> <span class='ocrx_word' id='word_1_56' title='bbox 580 824 693 908; x_wconf 87' lang='lat' dir='ltr'><strong>Itaque</strong></span> <span class='ocrx_word' id='word_1_57' title='bbox 722 826 826 908; x_wconf 88' lang='lat' dir='ltr'><strong>prima</strong></span> <span class='ocrx_word' id='word_1_58' title='bbox 852 846 950 890; x_wconf 84' lang='lat' dir='ltr'><strong>causa</strong></span> <span class='ocrx_word' id='word_1_59' title='bbox 975 825 1105 909; x_wconf 89' lang='lat' dir='ltr'><strong>publica</strong></span> <span class='ocrx_word' id='word_1_60' title='bbox 1131 847 1190 910; x_wconf 90' lang='lat' dir='ltr'><strong>pro</strong></span> <span class='ocrx_word' id='word_1_61' title='bbox 1217 824 1288 890; x_wconf 84' lang='lat' dir='ltr'><strong>Sex.</strong></span> 
     </span>
     <span class='ocr_line' id='line_1_8' title="bbox 116 909 1290 991; baseline -0.005 -11"><span class='ocrx_word' id='word_1_62' title='bbox 116 914 236 980; x_wconf 86' lang='lat' dir='ltr'><strong>Roscio</strong></span> <span class='ocrx_word' id='word_1_63' title='bbox 259 915 344 978; x_wconf 89' lang='lat' dir='ltr'><strong>dicta</strong></span> <span class='ocrx_word' id='word_1_64' title='bbox 366 916 493 976; x_wconf 85' lang='lat' dir='ltr'><strong>tantum</strong></span> <span class='ocrx_word' id='word_1_65' title='bbox 515 909 803 975; x_wconf 84' lang='lat' dir='ltr'><strong>commendationis</strong></span> <span class='ocrx_word' id='word_1_66' title='bbox 825 909 946 991; x_wconf 87' lang='lat' dir='ltr'><strong>habuit,</strong></span> <span class='ocrx_word' id='word_1_67' title='bbox 970 914 1095 974; x_wconf 92' lang='lat' dir='ltr'><strong>utnon</strong></span> <span class='ocrx_word' id='word_1_68' title='bbox 1117 911 1184 974; x_wconf 88' lang='lat' dir='ltr'><strong>ulla</strong></span> <span class='ocrx_word' id='word_1_69' title='bbox 1206 913 1290 975; x_wconf 87' lang='lat' dir='ltr'><strong>esset</strong></span> 
     </span>
     <span class='ocr_line' id='line_1_9' title="bbox 117 994 1289 1083; baseline -0.004 -19"><span class='ocrx_word' id='word_1_70' title='bbox 117 1021 199 1083; x_wconf 90' lang='lat' dir='ltr'><strong>quae</strong></span> <span class='ocrx_word' id='word_1_71' title='bbox 226 1021 292 1063; x_wconf 91' lang='lat' dir='ltr'><strong>uon</strong></span> <span class='ocrx_word' id='word_1_72' title='bbox 320 997 420 1082; x_wconf 82' lang='lat' dir='ltr'><strong>digna</strong></span> <span class='ocrx_word' id='word_1_73' title='bbox 446 999 559 1060; x_wconf 89' lang='lat' dir='ltr'><strong>nostro</strong></span> <span class='ocrx_word' id='word_1_74' title='bbox 594 995 775 1077; x_wconf 87' lang='lat' dir='ltr'><strong>patrocinio</strong></span> <span class='ocrx_word' id='word_1_75' title='bbox 805 994 973 1060; x_wconf 89' lang='lat' dir='ltr'><strong>videretur.</strong></span> <span class='ocrx_word' id='word_1_76' title='bbox 1023 994 1184 1078; x_wconf 87' lang='lat' dir='ltr'><strong>Deinceps</strong></span> <span class='ocrx_word' id='word_1_77' title='bbox 1214 995 1289 1060; x_wconf 86' lang='lat' dir='ltr'><strong>inde</strong></span> 
     </span>
     <span class='ocr_line' id='line_1_10' title="bbox 86 1079 1290 1172; baseline -0.003 -24"><span class='ocrx_word' id='word_1_78' title='bbox 86 1165 88 1172; x_wconf 18' lang='lat' dir='ltr'>y</span> <span class='ocrx_word' id='word_1_79' title='bbox 117 1084 247 1162; x_wconf 86' lang='lat' dir='ltr'><strong>multae,</strong></span> <span class='ocrx_word' id='word_1_80' title='bbox 271 1104 350 1167; x_wconf 88' lang='lat' dir='ltr'><strong>quas</strong></span> <span class='ocrx_word' id='word_1_81' title='bbox 371 1103 430 1146; x_wconf 91' lang='lat' dir='ltr'><strong>uos</strong></span> <span class='ocrx_word' id='word_1_82' title='bbox 453 1081 625 1166; x_wconf 87' lang='lat' dir='ltr'><strong>diligenter</strong></span> <span class='ocrx_word' id='word_1_83' title='bbox 645 1080 826 1144; x_wconf 85' lang='lat' dir='ltr'><strong>elaboratas</strong></span> <span class='ocrx_word' id='word_1_84' title='bbox 849 1083 881 1144; x_wconf 91' lang='lat' dir='ltr'><strong>et</strong></span> <span class='ocrx_word' id='word_1_85' title='bbox 901 1084 1065 1164; x_wconf 88' lang='lat' dir='ltr'><strong>tamquam</strong></span> <span class='ocrx_word' id='word_1_86' title='bbox 1087 1079 1290 1144; x_wconf 89' lang='lat' dir='ltr'><strong>elucubratas</strong></span> 
     </span>
     <span class='ocr_line' id='line_1_11' title="bbox 79 1169 1220 1247; baseline -0.006 -14"><span class='ocrx_word' id='word_1_87' title='bbox 79 1187 105 1226; x_wconf 88' lang='lat'><strong>10</strong></span> <span class='ocrx_word' id='word_1_88' title='bbox 119 1169 348 1232; x_wconf 84' lang='lat' dir='ltr'><strong>adferebamus.</strong></span> <span class='ocrx_word' id='word_1_89' title='bbox 780 1193 857 1247; x_wconf 45' lang='lat' dir='ltr'><strong>„sse</strong></span> <span class='ocrx_word' id='word_1_90' title='bbox 1152 1231 1163 1247; x_wconf 39' lang='grc' dir='ltr'><strong>,Ι</strong></span> <span class='ocrx_word' id='word_1_91' title='bbox 1183 1201 1190 1239; x_wconf 39' lang='grc' dir='ltr'><strong>ν,</strong></span> <span class='ocrx_word' id='word_1_92' title='bbox 1208 1188 1220 1226; x_wconf 63' lang='grc' dir='ltr'><em>τ</em></span> 
     </span>
     <span class='ocr_line' id='line_1_12' title="bbox 201 1207 1390 1336; baseline 0 -19"><span class='ocrx_word' id='word_1_93' title='bbox 201 1252 297 1318; x_wconf 90' lang='lat' dir='ltr'><strong>Nunc</strong></span> <span class='ocrx_word' id='word_1_94' title='bbox 319 1251 470 1336; x_wconf 89' lang='lat' dir='ltr'><strong>quoniam</strong></span> <span class='ocrx_word' id='word_1_95' title='bbox 485 1253 590 1313; x_wconf 89' lang='lat' dir='ltr'><strong>totum</strong></span> <span class='ocrx_word' id='word_1_96' title='bbox 612 1270 663 1312; x_wconf 87' lang='lat' dir='ltr'><strong>me</strong></span> <span class='ocrx_word' id='word_1_97' title='bbox 685 1270 751 1312; x_wconf 93' lang='lat' dir='ltr'><strong>non</strong></span> <span class='ocrx_word' id='word_1_98' title='bbox 767 1270 869 1330; x_wconf 67' lang='lat' dir='ltr'>Q</span> <span class='ocrx_word' id='word_1_99' title='bbox 884 1249 992 1333; x_wconf 92' lang='lat' dir='ltr'><strong>aliquo</strong></span> <span class='ocrx_word' id='word_1_100' title='bbox 1009 1253 1065 1312; x_wconf 89' lang='lat' dir='ltr'><strong>aut</strong></span> <span class='ocrx_word' id='word_1_101' title='bbox 1081 1207 1272 1332; x_wconf 72' lang='lat' dir='ltr'><strong>ciebundiis,</strong></span> <span class='ocrx_word' id='word_1_102' title='bbox 1286 1257 1390 1324; x_wconf 82' lang='grc'><strong>91313</strong></span> 
     </span>
     <span class='ocr_line' id='line_1_13' title="bbox 118 1333 1286 1421; baseline -0.005 -19"><span class='ocrx_word' id='word_1_103' title='bbox 118 1338 173 1402; x_wconf 87' lang='lat' dir='ltr'><strong>sed</strong></span> <span class='ocrx_word' id='word_1_104' title='bbox 196 1358 329 1421; x_wconf 89' lang='lat' dir='ltr'><strong>corpore</strong></span> <span class='ocrx_word' id='word_1_105' title='bbox 351 1335 440 1400; x_wconf 90' lang='lat' dir='ltr'><strong>omui</strong></span> <span class='ocrx_word' id='word_1_106' title='bbox 463 1334 578 1398; x_wconf 91' lang='lat' dir='ltr'><strong>videris</strong></span> <span class='ocrx_word' id='word_1_107' title='bbox 595 1333 674 1397; x_wconf 87' lang='lat' dir='ltr'><strong>velle</strong></span> <span class='ocrx_word' id='word_1_108' title='bbox 691 1353 895 1418; x_wconf 86' lang='lat' dir='ltr'><strong>cognoscere,</strong></span> <span class='ocrx_word' id='word_1_109' title='bbox 918 1334 1113 1417; x_wconf 87' lang='lat' dir='ltr'><strong>complectar</strong></span> <span class='ocrx_word' id='word_1_110' title='bbox 1128 1334 1286 1398; x_wconf 92' lang='lat' dir='ltr'><strong>nonnulla</strong></span> 
     </span>
     <span class='ocr_line' id='line_1_14' title="bbox 119 1417 1290 1506; baseline -0.003 -20"><span class='ocrx_word' id='word_1_111' title='bbox 119 1423 231 1500; x_wconf 86' lang='lat' dir='ltr'><strong>etiam,</strong></span> <span class='ocrx_word' id='word_1_112' title='bbox 255 1443 337 1506; x_wconf 87' lang='lat' dir='ltr'><strong>quae</strong></span> <span class='ocrx_word' id='word_1_113' title='bbox 358 1420 495 1485; x_wconf 84' lang='lat' dir='ltr'><strong>fortasse</strong></span> <span class='ocrx_word' id='word_1_114' title='bbox 516 1419 686 1483; x_wconf 88' lang='lat' dir='ltr'><strong>videantur</strong></span> <span class='ocrx_word' id='word_1_115' title='bbox 706 1420 813 1482; x_wconf 89' lang='lat' dir='ltr'><strong>minus</strong></span> <span class='ocrx_word' id='word_1_116' title='bbox 833 1421 1023 1484; x_wconf 86' lang='lat' dir='ltr'><strong>necessaria.</strong></span> <span class='ocrx_word' id='word_1_117' title='bbox 1060 1417 1143 1483; x_wconf 83' lang='lat' dir='ltr'><strong>Erat</strong></span> <span class='ocrx_word' id='word_1_118' title='bbox 1157 1441 1195 1484; x_wconf 89' lang='lat' dir='ltr'><strong>eo</strong></span> <span class='ocrx_word' id='word_1_119' title='bbox 1210 1422 1290 1483; x_wconf 91' lang='lat' dir='ltr'><strong>tcm-</strong></span> 
     </span>
     <span class='ocr_line' id='line_1_15' title="bbox 37 1503 1290 1591; baseline -0.004 -19"><span class='ocrx_word' id='word_1_120' title='bbox 37 1516 40 1521; x_wconf 83' lang='lat'>&#39;</span> <span class='ocrx_word' id='word_1_121' title='bbox 119 1528 198 1591; x_wconf 92' lang='lat' dir='ltr'><strong>pore</strong></span> <span class='ocrx_word' id='word_1_122' title='bbox 218 1509 254 1570; x_wconf 91' lang='lat' dir='ltr'><strong>in</strong></span> <span class='ocrx_word' id='word_1_123' title='bbox 274 1505 369 1570; x_wconf 87' lang='lat' dir='ltr'><strong>nobis</strong></span> <span class='ocrx_word' id='word_1_124' title='bbox 392 1526 516 1569; x_wconf 90' lang='lat' dir='ltr'><strong>summa</strong></span> <span class='ocrx_word' id='word_1_125' title='bbox 544 1503 708 1588; x_wconf 79' lang='lat' dir='ltr'><strong>gracilitas</strong></span> <span class='ocrx_word' id='word_1_126' title='bbox 737 1507 769 1566; x_wconf 89' lang='lat' dir='ltr'><strong>et</strong></span> <span class='ocrx_word' id='word_1_127' title='bbox 796 1504 967 1568; x_wconf 88' lang='lat' dir='ltr'><strong>iufirmitas</strong></span> <span class='ocrx_word' id='word_1_128' title='bbox 995 1504 1150 1587; x_wconf 83' lang='lat' dir='ltr'><strong>corporis,</strong></span> <span class='ocrx_word' id='word_1_129' title='bbox 1179 1524 1290 1586; x_wconf 87' lang='lat' dir='ltr'><strong>proce-</strong></span> 
     </span>
     <span class='ocr_line' id='line_1_16' title="bbox 81 1588 1290 1673; baseline 0.003 -25"><span class='ocrx_word' id='word_1_130' title='bbox 81 1607 106 1649; x_wconf 81' lang='grc' dir='ltr'><strong>ιο</strong></span> <span class='ocrx_word' id='word_1_131' title='bbox 119 1614 190 1656; x_wconf 91' lang='lat' dir='ltr'><strong>rum</strong></span> <span class='ocrx_word' id='word_1_132' title='bbox 213 1596 245 1656; x_wconf 92' lang='lat' dir='ltr'><strong>et</strong></span> <span class='ocrx_word' id='word_1_133' title='bbox 265 1595 363 1655; x_wconf 91' lang='lat' dir='ltr'><strong>tenue</strong></span> <span class='ocrx_word' id='word_1_134' title='bbox 390 1589 523 1654; x_wconf 91' lang='lat' dir='ltr'><strong>collum:</strong></span> <span class='ocrx_word' id='word_1_135' title='bbox 552 1589 607 1672; x_wconf 91' lang='lat' dir='ltr'><strong>qui</strong></span> <span class='ocrx_word' id='word_1_136' title='bbox 636 1588 765 1652; x_wconf 86' lang='lat' dir='ltr'><strong>habitus</strong></span> <span class='ocrx_word' id='word_1_137' title='bbox 794 1592 930 1672; x_wconf 84' lang='lat' dir='ltr'><strong>atquae</strong></span> <span class='ocrx_word' id='word_1_138' title='bbox 956 1590 1060 1673; x_wconf 82' lang='lat' dir='ltr'><strong>figura</strong></span> <span class='ocrx_word' id='word_1_139' title='bbox 1088 1610 1153 1653; x_wconf 92' lang='lat' dir='ltr'><strong>non</strong></span> <span class='ocrx_word' id='word_1_140' title='bbox 1178 1589 1290 1671; x_wconf 92' lang='lat' dir='ltr'><strong>procul</strong></span> 
     </span>
     <span class='ocr_line' id='line_1_17' title="bbox 117 1672 1289 1760; baseline -0.004 -19"><span class='ocrx_word' id='word_1_141' title='bbox 117 1677 228 1742; x_wconf 88' lang='lat' dir='ltr'><strong>abesse</strong></span> <span class='ocrx_word' id='word_1_142' title='bbox 253 1679 387 1760; x_wconf 86' lang='lat' dir='ltr'><strong>putatur</strong></span> <span class='ocrx_word' id='word_1_143' title='bbox 415 1696 435 1737; x_wconf 89' lang='lat' dir='ltr'><strong>a</strong></span> <span class='ocrx_word' id='word_1_144' title='bbox 461 1676 546 1738; x_wconf 88' lang='lat' dir='ltr'><strong>vitae</strong></span> <span class='ocrx_word' id='word_1_145' title='bbox 574 1672 734 1757; x_wconf 85' lang='lat' dir='ltr'><strong>periculo,</strong></span> <span class='ocrx_word' id='word_1_146' title='bbox 768 1673 797 1735; x_wconf 88' lang='lat' dir='ltr'><strong>si</strong></span> <span class='ocrx_word' id='word_1_147' title='bbox 824 1674 948 1738; x_wconf 87' lang='lat' dir='ltr'><strong>accedit</strong></span> <span class='ocrx_word' id='word_1_148' title='bbox 975 1673 1126 1737; x_wconf 90' lang='lat' dir='ltr'><strong>laboret</strong></span> <span class='ocrx_word' id='word_1_149' title='bbox 1153 1674 1289 1737; x_wconf 85' lang='lat' dir='ltr'><strong>laterum</strong></span> 
     </span>
     <span class='ocr_line' id='line_1_18' title="bbox 14 1757 1289 1848; baseline -0.005 -22"><span class='ocrx_word' id='word_1_150' title='bbox 14 1845 15 1848; x_wconf 8' lang='grc' dir='ltr'><strong>Ἴ</strong></span> <span class='ocrx_word' id='word_1_151' title='bbox 117 1782 237 1846; x_wconf 86' lang='lat' dir='ltr'><strong>magna</strong></span> <span class='ocrx_word' id='word_1_152' title='bbox 264 1760 440 1825; x_wconf 89' lang='lat' dir='ltr'><strong>contentio.</strong></span> <span class='ocrx_word' id='word_1_153' title='bbox 492 1758 605 1843; x_wconf 78' lang='lat' dir='ltr'><strong>quue</strong></span> <span class='ocrx_word' id='word_1_154' title='bbox 634 1758 737 1842; x_wconf 84' lang='lat' dir='ltr'><strong>magis</strong></span> <span class='ocrx_word' id='word_1_155' title='bbox 765 1757 825 1821; x_wconf 90' lang='lat' dir='ltr'><strong>hoc</strong></span> <span class='ocrx_word' id='word_1_156' title='bbox 853 1779 906 1822; x_wconf 89' lang='lat' dir='ltr'><strong>eos</strong></span> <span class='ocrx_word' id='word_1_157' title='bbox 934 1758 1051 1841; x_wconf 89' lang='lat' dir='ltr'><strong>quibus</strong></span> <span class='ocrx_word' id='word_1_158' title='bbox 1078 1779 1166 1821; x_wconf 91' lang='lat' dir='ltr'><strong>eram</strong></span> <span class='ocrx_word' id='word_1_159' title='bbox 1196 1779 1289 1822; x_wconf 87' lang='lat' dir='ltr'><strong>carus</strong></span> 
     </span>
     <span class='ocr_line' id='line_1_19' title="bbox 118 1843 1289 1928; baseline -0.003 -18"><span class='ocrx_word' id='word_1_160' title='bbox 118 1847 354 1928; x_wconf 88' lang='lat' dir='ltr'><strong>commovebat,</strong></span> <span class='ocrx_word' id='word_1_161' title='bbox 383 1844 468 1928; x_wconf 92' lang='lat' dir='ltr'><strong>quod</strong></span> <span class='ocrx_word' id='word_1_162' title='bbox 496 1844 604 1907; x_wconf 91' lang='lat' dir='ltr'><strong>omnia</strong></span> <span class='ocrx_word' id='word_1_163' title='bbox 633 1843 709 1906; x_wconf 85' lang='lat' dir='ltr'><strong>sine·</strong></span> <span class='ocrx_word' id='word_1_164' title='bbox 730 1844 936 1924; x_wconf 89' lang='lat' dir='ltr'><strong>remissione,</strong></span> <span class='ocrx_word' id='word_1_165' title='bbox 966 1845 1034 1907; x_wconf 90' lang='lat' dir='ltr'><strong>sine</strong></span> <span class='ocrx_word' id='word_1_166' title='bbox 1056 1843 1227 1923; x_wconf 88' lang='lat' dir='ltr'><strong>varietate,</strong></span> <span class='ocrx_word' id='word_1_167' title='bbox 1257 1843 1289 1906; x_wconf 96' lang='lat' dir='ltr'><strong>vi</strong></span> 
     </span>
     <span class='ocr_line' id='line_1_20' title="bbox 14 1927 1356 2011; baseline -0.003 -15"><span class='ocrx_word' id='word_1_168' title='bbox 14 1993 15 1996; x_wconf 74' lang='grc'>,</span> <span class='ocrx_word' id='word_1_169' title='bbox 118 1952 244 1995; x_wconf 84' lang='lat' dir='ltr'><strong>summa</strong></span> <span class='ocrx_word' id='word_1_170' title='bbox 270 1930 359 1994; x_wconf 87' lang='lat' dir='ltr'><strong>vocis</strong></span> <span class='ocrx_word' id='word_1_171' title='bbox 387 1934 421 1993; x_wconf 89' lang='lat' dir='ltr'><strong>et</strong></span> <span class='ocrx_word' id='word_1_172' title='bbox 446 1929 547 1992; x_wconf 87' lang='lat' dir='ltr'><strong>totius</strong></span> <span class='ocrx_word' id='word_1_173' title='bbox 576 1928 718 2011; x_wconf 87' lang='lat' dir='ltr'><strong>corporis</strong></span> <span class='ocrx_word' id='word_1_174' title='bbox 740 1928 948 1991; x_wconf 80' lang='lat' dir='ltr'><strong>contentione</strong></span> <span class='ocrx_word' id='word_1_175' title='bbox 977 1928 1132 1992; x_wconf 90' lang='lat' dir='ltr'><strong>dicebam.</strong></span> <span class='ocrx_word' id='word_1_176' title='bbox 1176 1927 1289 2010; x_wconf 88' lang='lat' dir='ltr'><strong>Itaque</strong></span> <span class='ocrx_word' id='word_1_177' title='bbox 1304 1957 1356 2007; x_wconf 82' lang='lat'><strong>314</strong></span> 
     </span>
     <span class='ocr_line' id='line_1_21' title="bbox 77 2011 1288 2103; baseline -0.002 -24"><span class='ocrx_word' id='word_1_178' title='bbox 77 2025 104 2064; x_wconf 71' lang='lat'><strong>²⁰</strong></span> <span class='ocrx_word' id='word_1_179' title='bbox 119 2036 190 2079; x_wconf 91' lang='lat' dir='ltr'><strong>cum</strong></span> <span class='ocrx_word' id='word_1_180' title='bbox 212 2037 263 2079; x_wconf 83' lang='lat' dir='ltr'><strong>me</strong></span> <span class='ocrx_word' id='word_1_181' title='bbox 286 2018 318 2079; x_wconf 87' lang='lat' dir='ltr'><strong>et</strong></span> <span class='ocrx_word' id='word_1_182' title='bbox 340 2014 434 2079; x_wconf 86' lang='lat' dir='ltr'><strong>amici</strong></span> <span class='ocrx_word' id='word_1_183' title='bbox 463 2016 495 2077; x_wconf 87' lang='lat' dir='ltr'><strong>ct</strong></span> <span class='ocrx_word' id='word_1_184' title='bbox 521 2013 637 2077; x_wconf 89' lang='lat' dir='ltr'><strong>medici</strong></span> <span class='ocrx_word' id='word_1_185' title='bbox 659 2011 866 2076; x_wconf 87' lang='lat' dir='ltr'><strong>hortarentur</strong></span> <span class='ocrx_word' id='word_1_186' title='bbox 894 2017 931 2076; x_wconf 90' lang='lat' dir='ltr'><strong>ut</strong></span> <span class='ocrx_word' id='word_1_187' title='bbox 953 2034 1064 2077; x_wconf 88' lang='lat' dir='ltr'><strong>causas</strong></span> <span class='ocrx_word' id='word_1_188' title='bbox 1089 2033 1184 2103; x_wconf 78' lang='lat' dir='ltr'><strong>agere</strong></span> <span class='ocrx_word' id='word_1_189' title='bbox 1207 2013 1288 2076; x_wconf 89' lang='lat' dir='ltr'><strong>desi·</strong></span> 
     </span>
     <span class='ocr_line' id='line_1_22' title="bbox 118 2096 1287 2183; baseline -0.003 -19"><span class='ocrx_word' id='word_1_190' title='bbox 118 2104 244 2180; x_wconf 85' lang='lat' dir='ltr'><strong>sterem,</strong></span> <span class='ocrx_word' id='word_1_191' title='bbox 267 2099 400 2183; x_wconf 84' lang='lat' dir='ltr'><strong>quodvis</strong></span> <span class='ocrx_word' id='word_1_192' title='bbox 423 2098 530 2182; x_wconf 88' lang='lat' dir='ltr'><strong>potius</strong></span> <span class='ocrx_word' id='word_1_193' title='bbox 552 2097 729 2181; x_wconf 88' lang='lat' dir='ltr'><strong>periculum</strong></span> <span class='ocrx_word' id='word_1_194' title='bbox 751 2097 831 2160; x_wconf 90' lang='lat' dir='ltr'><strong>mihi</strong></span> <span class='ocrx_word' id='word_1_195' title='bbox 852 2096 1032 2161; x_wconf 87' lang='lat' dir='ltr'><strong>adeundum</strong></span> <span class='ocrx_word' id='word_1_196' title='bbox 1058 2118 1154 2180; x_wconf 89' lang='lat' dir='ltr'><strong>quarn</strong></span> <span class='ocrx_word' id='word_1_197' title='bbox 1178 2119 1197 2160; x_wconf 90' lang='lat' dir='ltr'><strong>a</strong></span> <span class='ocrx_word' id='word_1_198' title='bbox 1219 2119 1287 2180; x_wconf 86' lang='lat' dir='ltr'><strong>spe-</strong></span> 
     </span>
     <span class='ocr_line' id='line_1_23' title="bbox 14 2180 1288 2269; baseline -0.002 -21"><span class='ocrx_word' id='word_1_199' title='bbox 14 2255 15 2260; x_wconf 13' lang='lat'><em>*</em></span> <span class='ocrx_word' id='word_1_200' title='bbox 118 2189 188 2250; x_wconf 87' lang='lat' dir='ltr'><strong>rata</strong></span> <span class='ocrx_word' id='word_1_201' title='bbox 210 2184 338 2250; x_wconf 88' lang='lat' dir='ltr'><strong>dicendi</strong></span> <span class='ocrx_word' id='word_1_202' title='bbox 359 2184 462 2269; x_wconf 84' lang='lat' dir='ltr'><strong>gloria</strong></span> <span class='ocrx_word' id='word_1_203' title='bbox 484 2181 711 2247; x_wconf 86' lang='lat' dir='ltr'><strong>discedendum</strong></span> <span class='ocrx_word' id='word_1_204' title='bbox 734 2182 856 2267; x_wconf 88' lang='lat' dir='ltr'><strong>putavi.</strong></span> <span class='ocrx_word' id='word_1_205' title='bbox 895 2180 958 2246; x_wconf 85' lang='lat' dir='ltr'><strong>Sed</strong></span> <span class='ocrx_word' id='word_1_206' title='bbox 973 2203 1046 2247; x_wconf 90' lang='lat' dir='ltr'><strong>cum</strong></span> <span class='ocrx_word' id='word_1_207' title='bbox 1061 2202 1223 2246; x_wconf 88' lang='lat' dir='ltr'><strong>censerem</strong></span> <span class='ocrx_word' id='word_1_208' title='bbox 1239 2203 1288 2246; x_wconf 92' lang='lat' dir='ltr'><strong>re·</strong></span> 
     </span>
    </p>
   </div>
   <div class='ocr_carea' id='block_1_3' title="bbox 13 2349 1289 2759">
    <p class='ocr_par' dir='ltr' id='par_1_3' title="bbox 151 2349 1288 2418">
     <span class='ocr_line' id='line_1_24' title="bbox 151 2349 1288 2418; baseline -0.004 -12"><span class='ocrx_word' id='word_1_209' title='bbox 151 2360 173 2408; x_wconf 88' lang='lat'><strong>1.</strong></span> <span class='ocrx_word' id='word_1_210' title='bbox 198 2354 270 2408; x_wconf 79' lang='lat' dir='ltr'><strong>Tum</strong></span> <span class='ocrx_word' id='word_1_211' title='bbox 287 2352 346 2407; x_wconf 86' lang='lat' dir='ltr'><strong>also</strong></span> <span class='ocrx_word' id='word_1_212' title='bbox 364 2351 403 2405; x_wconf 91' lang='lat' dir='ltr'><strong>im</strong></span> <span class='ocrx_word' id='word_1_213' title='bbox 421 2352 446 2405; x_wconf 89' lang='lat' dir='ltr'><strong>J.</strong></span> <span class='ocrx_word' id='word_1_214' title='bbox 457 2357 500 2417; x_wconf 82' lang='lat'><strong>81,</strong></span> <span class='ocrx_word' id='word_1_215' title='bbox 519 2352 559 2403; x_wconf 87' lang='lat' dir='ltr'><strong>im</strong></span> <span class='ocrx_word' id='word_1_216' title='bbox 577 2351 674 2405; x_wconf 81' lang='lat' dir='ltr'><strong>26steu</strong></span> <span class='ocrx_word' id='word_1_217' title='bbox 726 2350 776 2404; x_wconf 88' lang='lat' dir='ltr'><strong>der</strong></span> <span class='ocrx_word' id='word_1_218' title='bbox 805 2352 952 2417; x_wconf 73' lang='lat' dir='ltr'><strong>gesamten</strong></span> <span class='ocrx_word' id='word_1_219' title='bbox 982 2349 1180 2404; x_wconf 81' lang='lat' dir='ltr'><strong>Leiblichlreit&#39;</strong></span> <span class='ocrx_word' id='word_1_220' title='bbox 1211 2350 1288 2418; x_wconf 81' lang='lat' dir='ltr'><strong>(Par-</strong></span> 
     </span>
    </p>

    <p class='ocr_par' dir='ltr' id='par_1_4' title="bbox 115 2417 1289 2496">
     <span class='ocr_line' id='line_1_25' title="bbox 115 2417 1289 2496; baseline -0.002 -22"><span class='ocrx_word' id='word_1_221' title='bbox 115 2422 201 2476; x_wconf 85' lang='lat' dir='ltr'><strong>Jahre</strong></span> <span class='ocrx_word' id='word_1_222' title='bbox 219 2421 439 2484; x_wconf 81' lang='lat' dir='ltr'><strong>seincaLebens‚</strong></span> <span class='ocrx_word' id='word_1_223' title='bbox 457 2420 486 2473; x_wconf 92' lang='lat' dir='ltr'><strong>in</strong></span> <span class='ocrx_word' id='word_1_224' title='bbox 499 2419 564 2474; x_wconf 89' lang='lat' dir='ltr'><strong>dem</strong></span> <span class='ocrx_word' id='word_1_225' title='bbox 582 2420 674 2472; x_wconf 85' lang='lat' dir='ltr'><strong>ordio</strong></span> <span class='ocrx_word' id='word_1_226' title='bbox 725 2417 903 2496; x_wconf 76' lang='lat' dir='ltr'><strong>sdnlichlreit)</strong></span> <span class='ocrx_word' id='word_1_227' title='bbox 923 2454 956 2462; x_wconf 94' lang='lat'>-</span> <span class='ocrx_word' id='word_1_228' title='bbox 979 2418 1025 2472; x_wconf 88' lang='lat' dir='ltr'><strong>ein</strong></span> <span class='ocrx_word' id='word_1_229' title='bbox 1043 2417 1208 2482; x_wconf 84' lang='lat' dir='ltr'><strong>Ausdruclr‚</strong></span> <span class='ocrx_word' id='word_1_230' title='bbox 1233 2419 1289 2472; x_wconf 89' lang='lat' dir='ltr'><strong>dan</strong></span> 
     </span>
    </p>

    <p class='ocr_par' dir='ltr' id='par_1_5' title="bbox 13 2485 1287 2759">
     <span class='ocr_line' id='line_1_26' title="bbox 13 2485 1287 2558; baseline -0.003 -16"><span class='ocrx_word' id='word_1_231' title='bbox 13 2527 14 2550; x_wconf 33' lang='lat' dir='ltr'><strong>p</strong></span> <span class='ocrx_word' id='word_1_232' title='bbox 115 2489 194 2542; x_wconf 82' lang='lat' dir='ltr'><strong>Reda</strong></span> <span class='ocrx_word' id='word_1_233' title='bbox 211 2505 264 2558; x_wconf 92' lang='lat' dir='ltr'><strong>pro</strong></span> <span class='ocrx_word' id='word_1_234' title='bbox 276 2487 407 2553; x_wconf 82' lang='lat' dir='ltr'><strong>Quinctio</strong></span> <span class='ocrx_word' id='word_1_235' title='bbox 420 2487 499 2553; x_wconf 87' lang='lat' dir='ltr'><strong>hielt,</strong></span> <span class='ocrx_word' id='word_1_236' title='bbox 518 2488 600 2540; x_wconf 87' lang='lat' dir='ltr'><strong>unter</strong></span> <span class='ocrx_word' id='word_1_237' title='bbox 619 2487 673 2540; x_wconf 90' lang='lat' dir='ltr'><strong>den</strong></span> <span class='ocrx_word' id='word_1_238' title='bbox 726 2485 823 2540; x_wconf 81' lang='lat' dir='ltr'><strong>Cicero</strong></span> <span class='ocrx_word' id='word_1_239' title='bbox 842 2485 1010 2540; x_wconf 81' lang='lat' dir='ltr'><strong>absichtlich</strong></span> <span class='ocrx_word' id='word_1_240' title='bbox 1022 2485 1119 2552; x_wconf 79' lang='lat' dir='ltr'><strong>wchlt,</strong></span> <span class='ocrx_word' id='word_1_241' title='bbox 1137 2503 1184 2539; x_wconf 91' lang='lat' dir='ltr'><strong>um</strong></span> <span class='ocrx_word' id='word_1_242' title='bbox 1199 2487 1287 2538; x_wconf 88' lang='lat' dir='ltr'><strong>daran</strong></span> 
     </span>
     <span class='ocr_line' id='line_1_27' title="bbox 13 2553 1287 2630; baseline -0.001 -21"><span class='ocrx_word' id='word_1_243' title='bbox 13 2557 15 2630; x_wconf 34' lang='grc' dir='ltr'><strong>ᾗ</strong></span> <span class='ocrx_word' id='word_1_244' title='bbox 117 2573 167 2609; x_wconf 88' lang='lat' dir='ltr'><strong>uns</strong></span> <span class='ocrx_word' id='word_1_245' title='bbox 184 2557 258 2610; x_wconf 89' lang='lat' dir='ltr'><strong>noch</strong></span> <span class='ocrx_word' id='word_1_246' title='bbox 275 2556 440 2610; x_wconf 87' lang='lat' dir='ltr'><strong>erhaltenen</strong></span> <span class='ocrx_word' id='word_1_247' title='bbox 452 2554 550 2609; x_wconf 81' lang='lat' dir='ltr'><strong>Reden</strong></span> <span class='ocrx_word' id='word_1_248' title='bbox 562 2555 674 2611; x_wconf 80' lang='lat' dir='ltr'><strong>Ciceros</strong></span> <span class='ocrx_word' id='word_1_249' title='bbox 726 2554 802 2608; x_wconf 87' lang='lat' dir='ltr'><strong>dann</strong></span> <span class='ocrx_word' id='word_1_250' title='bbox 819 2553 865 2607; x_wconf 86' lang='lat' dir='ltr'><strong>die</strong></span> <span class='ocrx_word' id='word_1_251' title='bbox 879 2553 1066 2622; x_wconf 83' lang='lat' dir='ltr'><strong>Schilderung</strong></span> <span class='ocrx_word' id='word_1_252' title='bbox 1083 2555 1174 2608; x_wconf 82' lang='lat' dir='ltr'><strong>seines</strong></span> <span class='ocrx_word' id='word_1_253' title='bbox 1191 2553 1287 2608; x_wconf 88' lang='lat' dir='ltr'><strong>dama·</strong></span> 
     </span>
     <span class='ocr_line' id='line_1_28' title="bbox 13 2621 1286 2690; baseline -0.001 -14"><span class='ocrx_word' id='word_1_254' title='bbox 13 2665 15 2676; x_wconf 78' lang='grc'>,</span> <span class='ocrx_word' id='word_1_255' title='bbox 116 2625 162 2678; x_wconf 87' lang='lat' dir='ltr'><strong>die</strong></span> <span class='ocrx_word' id='word_1_256' title='bbox 181 2626 262 2678; x_wconf 89' lang='lat' dir='ltr'><strong>erste.</strong></span> <span class='ocrx_word' id='word_1_257' title='bbox 294 2641 315 2682; x_wconf 85' lang='lat' dir='ltr'><strong>s.</strong></span> <span class='ocrx_word' id='word_1_258' title='bbox 332 2623 389 2676; x_wconf 91' lang='lat' dir='ltr'><strong>ind.</strong></span> <span class='ocrx_word' id='word_1_259' title='bbox 408 2623 513 2678; x_wconf 82' lang='lat' dir='ltr'><strong>Cicero.</strong></span> <span class='ocrx_word' id='word_1_260' title='bbox 724 2621 803 2690; x_wconf 82' lang='lat' dir='ltr'><strong>ligea</strong></span> <span class='ocrx_word' id='word_1_261' title='bbox 825 2621 1038 2690; x_wconf 79' lang='lat' dir='ltr'><strong>physiechen</strong></span> <span class='ocrx_word' id='word_1_262' title='bbox 1060 2621 1213 2675; x_wconf 81' lang='lat' dir='ltr'><strong>Zustandes</strong></span> <span class='ocrx_word' id='word_1_263' title='bbox 1238 2637 1286 2675; x_wconf 87' lang='lat' dir='ltr'><strong>an·</strong></span> 
     </span>
     <span class='ocr_line' id='line_1_29' title="bbox 13 2689 1287 2759; baseline -0.003 -13"><span class='ocrx_word' id='word_1_264' title='bbox 13 2693 14 2702; x_wconf 75' lang='grc'>’</span> <span class='ocrx_word' id='word_1_265' title='bbox 149 2699 175 2746; x_wconf 90' lang='grc'><strong>6.</strong></span> <span class='ocrx_word' id='word_1_266' title='bbox 196 2692 290 2759; x_wconf 75' lang='lat' dir='ltr'><strong>prima</strong></span> <span class='ocrx_word' id='word_1_267' title='bbox 311 2707 397 2746; x_wconf 80' lang='lat' dir='ltr'><strong>causa</strong></span> <span class='ocrx_word' id='word_1_268' title='bbox 453 2690 526 2745; x_wconf 79' lang='lat' dir='ltr'><strong>blica</strong></span> <span class='ocrx_word' id='word_1_269' title='bbox 543 2721 574 2730; x_wconf 92' lang='grc'>-</span> <span class='ocrx_word' id='word_1_270' title='bbox 599 2690 675 2746; x_wconf 81' lang='lat' dir='ltr'><strong>dicto</strong></span> <span class='ocrx_word' id='word_1_271' title='bbox 726 2689 889 2758; x_wconf 75' lang='lat' dir='ltr'><strong>auknfipfen</strong></span> <span class='ocrx_word' id='word_1_272' title='bbox 900 2720 942 2755; x_wconf 84' lang='lat'><strong>-‚</strong></span> <span class='ocrx_word' id='word_1_273' title='bbox 961 2689 1024 2743; x_wconf 72' lang='lat' dir='ltr'><strong>sind</strong></span> <span class='ocrx_word' id='word_1_274' title='bbox 1037 2689 1097 2742; x_wconf 83' lang='lat' dir='ltr'><strong>aleo</strong></span> <span class='ocrx_word' id='word_1_275' title='bbox 1109 2705 1217 2743; x_wconf 83' lang='lat' dir='ltr'><strong>naevus</strong></span> <span class='ocrx_word' id='word_1_276' title='bbox 1229 2690 1287 2742; x_wconf 91' lang='lat' dir='ltr'><strong>und</strong></span> 
     </span>
    </p>
   </div>
   <div class='ocr_carea' id='block_1_4' title="bbox 13 2743 1290 2950">
    <p class='ocr_par' dir='ltr' id='par_1_6' title="bbox 13 2743 1290 2950">
     <span class='ocr_line' id='line_1_30' title="bbox 13 2743 1290 2826; baseline -0.003 -12"><span class='ocrx_word' id='word_1_277' title='bbox 13 2743 15 2814; x_wconf 70' lang='lat' dir='ltr'>ss</span> <span class='ocrx_word' id='word_1_278' title='bbox 115 2759 155 2812; x_wconf 87' lang='lat' dir='ltr'><strong>im</strong></span> <span class='ocrx_word' id='word_1_279' title='bbox 173 2758 198 2812; x_wconf 90' lang='lat' dir='ltr'><strong>J.</strong></span> <span class='ocrx_word' id='word_1_280' title='bbox 210 2765 253 2815; x_wconf 89' lang='lat'><strong>80.</strong></span> <span class='ocrx_word' id='word_1_281' title='bbox 282 2777 303 2812; x_wconf 86' lang='lat' dir='ltr'><strong>e.</strong></span> <span class='ocrx_word' id='word_1_282' title='bbox 320 2760 378 2812; x_wconf 88' lang='lat' dir='ltr'><strong>ind.</strong></span> <span class='ocrx_word' id='word_1_283' title='bbox 419 2759 503 2812; x_wconf 90' lang='lat' dir='ltr'><strong>icero.</strong></span> <span class='ocrx_word' id='word_1_284' title='bbox 728 2773 774 2810; x_wconf 87' lang='lat' dir='ltr'><strong>cre</strong></span> <span class='ocrx_word' id='word_1_285' title='bbox 796 2757 966 2811; x_wconf 83' lang='lat' dir='ltr'><strong>uudialrier:</strong></span> <span class='ocrx_word' id='word_1_286' title='bbox 987 2755 1290 2826; x_wconf 77' lang='lat' dir='ltr'><strong>einzelnelligentr&#39;im-</strong></span> 
     </span>
     <span class='ocr_line' id='line_1_31' title="bbox 13 2824 1134 2882; baseline 0.004 -4"><span class='ocrx_word' id='word_1_287' title='bbox 13 2829 14 2878; x_wconf 79' lang='grc' dir='ltr'>ἶ</span> <span class='ocrx_word' id='word_1_288' title='bbox 149 2833 174 2881; x_wconf 88' lang='grc'><strong>9.</strong></span> <span class='ocrx_word' id='word_1_289' title='bbox 200 2828 375 2882; x_wconf 76' lang='lat' dir='ltr'><strong>elucubratos</strong></span> <span class='ocrx_word' id='word_1_290' title='bbox 395 2826 462 2880; x_wconf 84' lang='lat' dir='ltr'><strong>Man</strong></span> <span class='ocrx_word' id='word_1_291' title='bbox 482 2825 592 2879; x_wconf 87' lang='lat' dir='ltr'><strong>merkte</strong></span> <span class='ocrx_word' id='word_1_292' title='bbox 616 2826 676 2879; x_wconf 84' lang='lat' dir='ltr'><strong>also</strong></span> <span class='ocrx_word' id='word_1_293' title='bbox 727 2824 765 2878; x_wconf 90' lang='lat' dir='ltr'><strong>lic</strong></span> <span class='ocrx_word' id='word_1_294' title='bbox 806 2824 882 2878; x_wconf 85' lang='lat' dir='ltr'><strong>eitcn</strong></span> <span class='ocrx_word' id='word_1_295' title='bbox 898 2824 989 2879; x_wconf 86' lang='lat' dir='ltr'><strong>eeinee</strong></span> <span class='ocrx_word' id='word_1_296' title='bbox 1007 2824 1134 2882; x_wconf 86' lang='lat' dir='ltr'><strong>Wesena.</strong></span> 
     </span>
     <span class='ocr_line' id='line_1_32' title="bbox 13 2891 1290 2950; baseline -0.001 -3"><span class='ocrx_word' id='word_1_297' title='bbox 13 2897 14 2902; x_wconf 76' lang='grc'>’</span> <span class='ocrx_word' id='word_1_298' title='bbox 116 2894 212 2949; x_wconf 86' lang='lat' dir='ltr'><strong>diesen</strong></span> <span class='ocrx_word' id='word_1_299' title='bbox 229 2911 279 2948; x_wconf 89' lang='lat' dir='ltr'><strong>vor</strong></span> <span class='ocrx_word' id='word_1_300' title='bbox 297 2895 390 2950; x_wconf 88' lang='lat' dir='ltr'><strong>seiner</strong></span> <span class='ocrx_word' id='word_1_301' title='bbox 406 2893 489 2948; x_wconf 82' lang='lat' dir='ltr'><strong>Reise</strong></span> <span class='ocrx_word' id='word_1_302' title='bbox 506 2893 578 2946; x_wconf 90' lang='lat' dir='ltr'><strong>nach</strong></span> <span class='ocrx_word' id='word_1_303' title='bbox 597 2893 676 2948; x_wconf 78' lang='lat' dir='ltr'><strong>crie-</strong></span> <span class='ocrx_word' id='word_1_304' title='bbox 763 2898 803 2946; x_wconf 87' lang='lat'><strong>13.</strong></span> <span class='ocrx_word' id='word_1_305' title='bbox 824 2891 900 2946; x_wconf 73' lang='lat' dir='ltr'><strong>Erat</strong></span> <span class='ocrx_word' id='word_1_306' title='bbox 917 2892 970 2945; x_wconf 88' lang='lat' dir='ltr'><strong>etc.</strong></span> <span class='ocrx_word' id='word_1_307' title='bbox 990 2891 1042 2945; x_wconf 90' lang='lat' dir='ltr'><strong>wie</strong></span> <span class='ocrx_word' id='word_1_308' title='bbox 1058 2892 1117 2945; x_wconf 88' lang='lat' dir='ltr'><strong>dies</strong></span> <span class='ocrx_word' id='word_1_309' title='bbox 1130 2892 1202 2946; x_wconf 88' lang='lat' dir='ltr'><strong>auch</strong></span> <span class='ocrx_word' id='word_1_310' title='bbox 1214 2891 1290 2946; x_wconf 86' lang='lat' dir='ltr'><strong>Plut.</strong></span> 
     </span>
    </p>
   </div>
   <div class='ocr_carea' id='block_1_5' title="bbox 13 2947 1294 4320">
    <p class='ocr_par' dir='ltr' id='par_1_7' title="bbox 13 2947 1290 3642">
     <span class='ocr_line' id='line_1_33' title="bbox 13 2947 1290 3046; baseline -0.002 -30"><span class='ocrx_word' id='word_1_311' title='bbox 13 3009 14 3040; x_wconf 19' lang='grc' dir='ltr'><strong><em>ᾖ</em></strong></span> <span class='ocrx_word' id='word_1_312' title='bbox 116 2963 255 3018; x_wconf 88' lang='lat' dir='ltr'><strong>cheuland</strong></span> <span class='ocrx_word' id='word_1_313' title='bbox 263 2964 320 3016; x_wconf 92' lang='lat' dir='ltr'><strong>und</strong></span> <span class='ocrx_word' id='word_1_314' title='bbox 330 2961 492 3016; x_wconf 88' lang='lat' dir='ltr'><strong>Kleinasien</strong></span> <span class='ocrx_word' id='word_1_315' title='bbox 525 2960 676 3014; x_wconf 84' lang='lat' dir='ltr'><strong>chaltenen</strong></span> <span class='ocrx_word' id='word_1_316' title='bbox 728 2959 813 3013; x_wconf 74' lang='lat' dir='ltr'><strong>uiae</strong></span> <span class='ocrx_word' id='word_1_317' title='bbox 831 2960 965 3046; x_wconf 69' lang='lat' dir='ltr'><strong>bezeupt:</strong></span> <span class='ocrx_word' id='word_1_318' title='bbox 988 2960 1038 3013; x_wconf 78' lang='lat' dir='ltr'><strong>uel</strong></span> <span class='ocrx_word' id='word_1_319' title='bbox 1061 2956 1116 3027; x_wconf 73' lang='grc' dir='ltr'><strong>γὰρ</strong></span> <span class='ocrx_word' id='word_1_320' title='bbox 1139 2947 1177 3028; x_wconf 79' lang='grc' dir='ltr'><strong>ἦν</strong></span> <span class='ocrx_word' id='word_1_321' title='bbox 1199 2952 1290 3022; x_wconf 74' lang='grc' dir='ltr'><strong><em>ὅντως</em></strong></span> 
     </span>
     <span class='ocr_line' id='line_1_34' title="bbox 13 2977 1289 3108; baseline -0.005 -22"><span class='ocrx_word' id='word_1_322' title='bbox 13 3075 15 3108; x_wconf 55' lang='lat'><em>5</em></span> <span class='ocrx_word' id='word_1_323' title='bbox 115 3029 213 3086; x_wconf 80' lang='lat' dir='ltr'><strong>Redeo</strong></span> <span class='ocrx_word' id='word_1_324' title='bbox 230 3034 302 3085; x_wconf 89' lang='lat' dir='ltr'><strong>noch</strong></span> <span class='ocrx_word' id='word_1_325' title='bbox 319 3030 366 3084; x_wconf 87' lang='lat' dir='ltr'><strong>die</strong></span> <span class='ocrx_word' id='word_1_326' title='bbox 388 3029 482 3097; x_wconf 82' lang='lat' dir='ltr'><strong>grosso</strong></span> <span class='ocrx_word' id='word_1_327' title='bbox 501 2977 628 3098; x_wconf 57' lang='lat' dir='ltr'><strong>iorgsalt</strong></span> <span class='ocrx_word' id='word_1_328' title='bbox 646 3030 676 3081; x_wconf 87' lang='lat' dir='ltr'><strong>in</strong></span> <span class='ocrx_word' id='word_1_329' title='bbox 727 3023 826 3095; x_wconf 76' lang='grc' dir='ltr'><strong><em>ἰσχνὸς</em></strong></span> <span class='ocrx_word' id='word_1_330' title='bbox 844 3026 893 3080; x_wconf 73' lang='grc' dir='ltr'><strong>καὶ</strong></span> <span class='ocrx_word' id='word_1_331' title='bbox 911 3044 1045 3094; x_wconf 80' lang='grc' dir='ltr'><strong><em>ασαρκος,</em></strong></span> <span class='ocrx_word' id='word_1_332' title='bbox 1064 3023 1212 3097; x_wconf 76' lang='grc' dir='ltr'><strong><em>ἀρρωστίᾳ</em></strong></span> <span class='ocrx_word' id='word_1_333' title='bbox 1226 3044 1289 3080; x_wconf 82' lang='grc' dir='ltr'><strong><em>στο-</em></strong></span> 
     </span>
     <span class='ocr_line' id='line_1_35' title="bbox 13 3093 1290 3217; baseline -0.004 -63"><span class='ocrx_word' id='word_1_334' title='bbox 13 3143 15 3154; x_wconf 76' lang='grc'>,</span> <span class='ocrx_word' id='word_1_335' title='bbox 116 3097 676 3168; x_wconf 78' lang='lat' dir='ltr'><strong>derAusarbeitung(vvievvirunsctvva</strong></span> <span class='ocrx_word' id='word_1_336' title='bbox 727 3095 821 3217; x_wconf 64' lang='lat' dir='ltr'><strong>pcipou</strong></span> <span class='ocrx_word' id='word_1_337' title='bbox 850 3094 939 3174; x_wconf 68' lang='lat' dir='ltr'><strong>pepp&amp;</strong></span> <span class='ocrx_word' id='word_1_338' title='bbox 969 3095 1019 3149; x_wconf 75' lang='lat' dir='ltr'><strong>uel</strong></span> <span class='ocrx_word' id='word_1_339' title='bbox 1053 3096 1174 3163; x_wconf 72' lang='grc' dir='ltr'><strong><em>γλίσχροι</em></strong></span> <span class='ocrx_word' id='word_1_340' title='bbox 1207 3093 1290 3163; x_wconf 79' lang='grc' dir='ltr'>μόγις</span> 
     </span>
     <span class='ocr_line' id='line_1_36' title="bbox 13 3158 1288 3233; baseline -0.002 -14"><span class='ocrx_word' id='word_1_341' title='bbox 13 3169 15 3232; x_wconf 49' lang='grc' dir='ltr'><strong>ᾗ</strong></span> <span class='ocrx_word' id='word_1_342' title='bbox 116 3165 415 3221; x_wconf 77' lang='lat' dir='ltr'><strong>tthnlichausdrdoken</strong></span> <span class='ocrx_word' id='word_1_343' title='bbox 428 3165 676 3233; x_wconf 75' lang='lat' dir='ltr'><strong>wiirdenrgleich·</strong></span> <span class='ocrx_word' id='word_1_344' title='bbox 727 3159 768 3230; x_wconf 76' lang='grc' dir='ltr'><strong>ὂψ</strong></span> <span class='ocrx_word' id='word_1_345' title='bbox 803 3163 853 3231; x_wconf 78' lang='grc' dir='ltr'><strong>τῆς</strong></span> <span class='ocrx_word' id='word_1_346' title='bbox 871 3183 946 3227; x_wconf 81' lang='grc' dir='ltr'><strong><em>οοροις</em></strong></span> <span class='ocrx_word' id='word_1_347' title='bbox 958 3158 1203 3230; x_wconf 75' lang='grc' dir='ltr'><strong><em>προσφερόμενος·</em></strong></span> <span class='ocrx_word' id='word_1_348' title='bbox 1222 3160 1240 3230; x_wconf 80' lang='grc' dir='ltr'><em>ἡ</em></span> <span class='ocrx_word' id='word_1_349' title='bbox 1256 3161 1288 3216; x_wconf 73' lang='grc' dir='ltr'><strong>δὲ</strong></span> 
     </span>
     <span class='ocr_line' id='line_1_37' title="bbox 13 3226 1290 3313; baseline -0.003 -27"><span class='ocrx_word' id='word_1_350' title='bbox 13 3293 15 3302; x_wconf 40' lang='grc'>,</span> <span class='ocrx_word' id='word_1_351' title='bbox 116 3250 175 3287; x_wconf 82' lang='lat' dir='ltr'><strong>sam</strong></span> <span class='ocrx_word' id='word_1_352' title='bbox 204 3235 250 3288; x_wconf 88' lang='lat' dir='ltr'><strong>die</strong></span> <span class='ocrx_word' id='word_1_353' title='bbox 281 3233 501 3302; x_wconf 82' lang='lat' dir='ltr'><strong>Studierlampe)</strong></span> <span class='ocrx_word' id='word_1_354' title='bbox 531 3249 576 3290; x_wconf 90' lang='lat' dir='ltr'><strong>an.</strong></span> <span class='ocrx_word' id='word_1_355' title='bbox 611 3231 676 3291; x_wconf 81' lang='lat' dir='ltr'><strong>Tac.</strong></span> <span class='ocrx_word' id='word_1_356' title='bbox 728 3227 810 3300; x_wconf 76' lang='grc' dir='ltr'><strong><em>φωνὴ</em></strong></span> <span class='ocrx_word' id='word_1_357' title='bbox 824 3229 914 3298; x_wconf 77' lang='grc' dir='ltr'><strong><em>πολλὴ</em></strong></span> <span class='ocrx_word' id='word_1_358' title='bbox 929 3227 983 3298; x_wconf 75' lang='grc' dir='ltr'><strong>μὲν</strong></span> <span class='ocrx_word' id='word_1_359' title='bbox 996 3231 1045 3283; x_wconf 81' lang='grc' dir='ltr'><strong>καὶ</strong></span> <span class='ocrx_word' id='word_1_360' title='bbox 1056 3226 1170 3313; x_wconf 57' lang='grc' dir='ltr'><em>ἀγαθή,</em></span> <span class='ocrx_word' id='word_1_361' title='bbox 1181 3228 1290 3298; x_wconf 79' lang='grc' dir='ltr'><strong><em>σκληρὰ</em></strong></span> 
     </span>
     <span class='ocr_line' id='line_1_38' title="bbox 13 3292 1290 3370; baseline -0.005 -12"><span class='ocrx_word' id='word_1_362' title='bbox 13 3353 14 3358; x_wconf 73' lang='grc'>,</span> <span class='ocrx_word' id='word_1_363' title='bbox 116 3300 180 3358; x_wconf 86' lang='lat' dir='ltr'><strong>dial.</strong></span> <span class='ocrx_word' id='word_1_364' title='bbox 193 3303 228 3356; x_wconf 86' lang='lat' dir='ltr'><strong>de</strong></span> <span class='ocrx_word' id='word_1_365' title='bbox 241 3318 280 3360; x_wconf 80' lang='lat' dir='ltr'><strong>or.</strong></span> <span class='ocrx_word' id='word_1_366' title='bbox 294 3308 343 3356; x_wconf 86' lang='lat' dir='ltr'><strong>c.9</strong></span> <span class='ocrx_word' id='word_1_367' title='bbox 356 3304 416 3355; x_wconf 89' lang='lat' dir='ltr'><strong>toto</strong></span> <span class='ocrx_word' id='word_1_368' title='bbox 430 3318 503 3355; x_wconf 89' lang='lat' dir='ltr'><strong>anno</strong></span> <span class='ocrx_word' id='word_1_369' title='bbox 515 3317 567 3370; x_wconf 86' lang='lat' dir='ltr'><strong>per</strong></span> <span class='ocrx_word' id='word_1_370' title='bbox 580 3316 677 3354; x_wconf 84' lang='lat' dir='ltr'><strong>omues</strong></span> <span class='ocrx_word' id='word_1_371' title='bbox 729 3296 761 3353; x_wconf 71' lang='lat' dir='ltr'><strong>dt</strong></span> <span class='ocrx_word' id='word_1_372' title='bbox 780 3298 831 3352; x_wconf 77' lang='lat' dir='ltr'><strong>aul</strong></span> <span class='ocrx_word' id='word_1_373' title='bbox 849 3293 1009 3366; x_wconf 75' lang='grc' dir='ltr'><strong><em>ἄπλαστος,</em></strong></span> <span class='ocrx_word' id='word_1_374' title='bbox 1034 3292 1090 3352; x_wconf 73' lang='grc' dir='ltr'><strong>ὑπο</strong></span> <span class='ocrx_word' id='word_1_375' title='bbox 1115 3293 1148 3350; x_wconf 78' lang='lat' dir='ltr'><strong>dl</strong></span> <span class='ocrx_word' id='word_1_376' title='bbox 1173 3299 1226 3352; x_wconf 76' lang='lat' dir='ltr'><strong>ecci</strong></span> <span class='ocrx_word' id='word_1_377' title='bbox 1245 3296 1290 3352; x_wconf 70' lang='grc' dir='ltr'><strong>λό-</strong></span> 
     </span>
     <span class='ocr_line' id='line_1_39' title="bbox 13 3363 1290 3445; baseline -0.002 -25"><span class='ocrx_word' id='word_1_378' title='bbox 13 3375 14 3436; x_wconf 51' lang='lat'><em>}</em></span> <span class='ocrx_word' id='word_1_379' title='bbox 118 3367 178 3445; x_wconf 75' lang='lat' dir='ltr'><strong>dies</strong></span> <span class='ocrx_word' id='word_1_380' title='bbox 199 3386 303 3437; x_wconf 82' lang='lat' dir='ltr'><strong>magna</strong></span> <span class='ocrx_word' id='word_1_381' title='bbox 328 3369 452 3424; x_wconf 89' lang='lat' dir='ltr'><strong>noctium</strong></span> <span class='ocrx_word' id='word_1_382' title='bbox 479 3371 560 3438; x_wconf 86' lang='lat' dir='ltr'><strong>parte</strong></span> <span class='ocrx_word' id='word_1_383' title='bbox 590 3385 677 3422; x_wconf 90' lang='lat' dir='ltr'><strong>uuum</strong></span> <span class='ocrx_word' id='word_1_384' title='bbox 727 3386 781 3435; x_wconf 74' lang='grc' dir='ltr'><strong>γοο</strong></span> <span class='ocrx_word' id='word_1_385' title='bbox 804 3363 990 3436; x_wconf 75' lang='grc' dir='ltr'><strong><em>σφοδρότητα</em></strong></span> <span class='ocrx_word' id='word_1_386' title='bbox 1012 3365 1063 3420; x_wconf 77' lang='lat' dir='ltr'><strong>acl</strong></span> <span class='ocrx_word' id='word_1_387' title='bbox 1086 3363 1184 3428; x_wconf 72' lang='grc' dir='ltr'><strong><em>πάθος</em></strong></span> <span class='ocrx_word' id='word_1_388' title='bbox 1210 3364 1290 3434; x_wconf 75' lang='grc' dir='ltr'><strong><em>ἔχον-</em></strong></span> 
     </span>
     <span class='ocr_line' id='line_1_40' title="bbox 13 3427 1289 3496; baseline -0.001 -9"><span class='ocrx_word' id='word_1_389' title='bbox 13 3447 14 3452; x_wconf 75' lang='grc'>’</span> <span class='ocrx_word' id='word_1_390' title='bbox 117 3434 222 3488; x_wconf 80' lang='lat' dir='ltr'><strong>librum</strong></span> <span class='ocrx_word' id='word_1_391' title='bbox 240 3437 354 3490; x_wconf 87' lang='lat' dir='ltr'><strong>excudit</strong></span> <span class='ocrx_word' id='word_1_392' title='bbox 372 3439 402 3490; x_wconf 85' lang='lat' dir='ltr'><strong>et</strong></span> <span class='ocrx_word' id='word_1_393' title='bbox 419 3437 603 3491; x_wconf 85' lang='lat' dir='ltr'><strong>elucubravit.</strong></span> <span class='ocrx_word' id='word_1_394' title='bbox 728 3454 777 3496; x_wconf 76' lang='grc' dir='ltr'><strong>τος</strong></span> <span class='ocrx_word' id='word_1_395' title='bbox 795 3430 843 3488; x_wconf 83' lang='lat' dir='ltr'><strong>ciel</strong></span> <span class='ocrx_word' id='word_1_396' title='bbox 867 3430 919 3488; x_wconf 79' lang='lat' dir='ltr'><strong>ded</strong></span> <span class='ocrx_word' id='word_1_397' title='bbox 942 3432 999 3488; x_wconf 77' lang='lat' dir='ltr'><strong>cciv</strong></span> <span class='ocrx_word' id='word_1_398' title='bbox 1017 3427 1078 3488; x_wconf 78' lang='grc' dir='ltr'><strong>ἅνω</strong></span> <span class='ocrx_word' id='word_1_399' title='bbox 1096 3428 1187 3488; x_wconf 78' lang='grc' dir='ltr'><strong><em>τόνων</em></strong></span> <span class='ocrx_word' id='word_1_400' title='bbox 1207 3430 1289 3488; x_wconf 80' lang='grc' dir='ltr'><strong><em>ἐλαο-</em></strong></span> 
     </span>
     <span class='ocr_line' id='line_1_41' title="bbox 13 3495 1290 3588; baseline 0.001 -33"><span class='ocrx_word' id='word_1_401' title='bbox 13 3563 15 3566; x_wconf 48' lang='grc'><strong>,</strong></span> <span class='ocrx_word' id='word_1_402' title='bbox 144 3507 192 3582; x_wconf 58' lang='grc' dir='ltr'><strong>μ.</strong></span> <span class='ocrx_word' id='word_1_403' title='bbox 210 3517 364 3582; x_wconf 70' lang='lat' dir='ltr'><strong>poenaeue</strong></span> <span class='ocrx_word' id='word_1_404' title='bbox 381 3505 476 3573; x_wconf 74' lang='lat' dir='ltr'><strong>aliquo</strong></span> <span class='ocrx_word' id='word_1_405' title='bbox 493 3511 544 3559; x_wconf 80' lang='lat' dir='ltr'><strong>cat</strong></span> <span class='ocrx_word' id='word_1_406' title='bbox 561 3521 676 3573; x_wconf 77' lang='lat' dir='ltr'><strong>crepem-</strong></span> <span class='ocrx_word' id='word_1_407' title='bbox 728 3499 837 3588; x_wconf 62' lang='lat' dir='ltr'><strong>vopisc]</strong></span> <span class='ocrx_word' id='word_1_408' title='bbox 861 3497 955 3572; x_wconf 77' lang='grc' dir='ltr'><strong><em>φόβον</em></strong></span> <span class='ocrx_word' id='word_1_409' title='bbox 977 3508 1115 3571; x_wconf 77' lang='grc' dir='ltr'><strong><em>παρεῖχεν</em></strong></span> <span class='ocrx_word' id='word_1_410' title='bbox 1138 3495 1213 3569; x_wconf 66' lang='lat' dir='ltr'><strong>tinto</strong></span> <span class='ocrx_word' id='word_1_411' title='bbox 1238 3503 1290 3556; x_wconf 80' lang='grc' dir='ltr'><strong>τοῦ</strong></span> 
     </span>
     <span class='ocr_line' id='line_1_42' title="bbox 13 3570 869 3642; baseline 0 -18"><span class='ocrx_word' id='word_1_412' title='bbox 13 3623 15 3636; x_wconf 67' lang='grc'>,</span> <span class='ocrx_word' id='word_1_413' title='bbox 118 3570 176 3624; x_wconf 74' lang='lat' dir='ltr'><strong>dces</strong></span> <span class='ocrx_word' id='word_1_414' title='bbox 194 3587 240 3625; x_wconf 85' lang='lat' dir='ltr'><strong>ern</strong></span> <span class='ocrx_word' id='word_1_415' title='bbox 257 3573 315 3626; x_wconf 82' lang='lat' dir='ltr'><strong>fast</strong></span> <span class='ocrx_word' id='word_1_416' title='bbox 336 3573 591 3642; x_wconf 77' lang='lat' dir='ltr'><strong>sprichwdrtlicher</strong></span> <span class='ocrx_word' id='word_1_417' title='bbox 607 3575 679 3626; x_wconf 90' lang='lat' dir='ltr'><strong>Aus·</strong></span> <span class='ocrx_word' id='word_1_418' title='bbox 731 3588 869 3638; x_wconf 81' lang='grc' dir='ltr'><strong><em>σωματος.</em></strong></span> 
     </span>
    </p>

    <p class='ocr_par' dir='ltr' id='par_1_8' title="bbox 13 3638 1027 3704">
     <span class='ocr_line' id='line_1_43' title="bbox 13 3638 1027 3704; baseline 0.001 -15"><span class='ocrx_word' id='word_1_419' title='bbox 13 3651 15 3704; x_wconf 64' lang='grc'>;</span> <span class='ocrx_word' id='word_1_420' title='bbox 118 3638 214 3693; x_wconf 85' lang='lat' dir='ltr'><strong>druclr.</strong></span> <span class='ocrx_word' id='word_1_421' title='bbox 250 3638 302 3694; x_wconf 88' lang='lat' dir='ltr'><strong>Bei</strong></span> <span class='ocrx_word' id='word_1_422' title='bbox 324 3639 378 3694; x_wconf 87' lang='lat' dir='ltr'><strong>den</strong></span> <span class='ocrx_word' id='word_1_423' title='bbox 400 3641 430 3694; x_wconf 90' lang='lat' dir='ltr'><strong>in</strong></span> <span class='ocrx_word' id='word_1_424' title='bbox 453 3640 504 3694; x_wconf 85' lang='lat' dir='ltr'><strong>der</strong></span> <span class='ocrx_word' id='word_1_425' title='bbox 521 3641 679 3694; x_wconf 79' lang='lat' dir='ltr'><strong>rtmischen</strong></span> <span class='ocrx_word' id='word_1_426' title='bbox 766 3645 807 3695; x_wconf 85' lang='grc'><strong>16,</strong></span> <span class='ocrx_word' id='word_1_427' title='bbox 831 3638 949 3692; x_wconf 64' lang='lat' dir='ltr'><strong>wicram</strong></span> <span class='ocrx_word' id='word_1_428' title='bbox 967 3643 1027 3691; x_wconf 73' lang='lat'>202.</span> 
     </span>
    </p>

    <p class='ocr_par' dir='ltr' id='par_1_9' title="bbox 13 3705 1046 3782">
     <span class='ocr_line' id='line_1_44' title="bbox 13 3705 1046 3782; baseline 0 -23"><span class='ocrx_word' id='word_1_429' title='bbox 13 3719 14 3782; x_wconf 26' lang='grc' dir='ltr'>ζ</span> <span class='ocrx_word' id='word_1_430' title='bbox 116 3705 255 3762; x_wconf 79' lang='lat' dir='ltr'><strong>Komtdie</strong></span> <span class='ocrx_word' id='word_1_431' title='bbox 298 3708 394 3778; x_wconf 76' lang='lat' dir='ltr'><strong>htufig</strong></span> <span class='ocrx_word' id='word_1_432' title='bbox 437 3707 678 3762; x_wconf 84' lang='lat' dir='ltr'><strong>vorkommenden</strong></span> <span class='ocrx_word' id='word_1_433' title='bbox 764 3713 806 3758; x_wconf 78' lang='lat'><strong>22,</strong></span> <span class='ocrx_word' id='word_1_434' title='bbox 831 3706 969 3761; x_wconf 80' lang='lat' dir='ltr'><strong>discedere</strong></span> <span class='ocrx_word' id='word_1_435' title='bbox 986 3712 1046 3760; x_wconf 80' lang='lat'>273.</span> 
     </span>
    </p>

    <p class='ocr_par' dir='ltr' id='par_1_10' title="bbox 13 3771 1294 4320">
     <span class='ocr_line' id='line_1_45' title="bbox 13 3771 1290 3838; baseline -0.002 -10"><span class='ocrx_word' id='word_1_436' title='bbox 13 3831 14 3838; x_wconf 13' lang='grc' dir='ltr'><strong><em>ρ</em></strong></span> <span class='ocrx_word' id='word_1_437' title='bbox 117 3774 381 3831; x_wconf 85' lang='lat' dir='ltr'><strong>Wiedererkenuun</strong></span> <span class='ocrx_word' id='word_1_438' title='bbox 429 3793 517 3831; x_wconf 85' lang='lat' dir='ltr'><strong>zenen</strong></span> <span class='ocrx_word' id='word_1_439' title='bbox 550 3774 678 3830; x_wconf 89' lang='lat' dir='ltr'><strong>verloren</strong></span> <span class='ocrx_word' id='word_1_440' title='bbox 763 3773 827 3827; x_wconf 87' lang='lat' dir='ltr'><strong>Wie</strong></span> <span class='ocrx_word' id='word_1_441' title='bbox 845 3774 1003 3827; x_wconf 78' lang='lat' dir='ltr'><strong>remissicae</strong></span> <span class='ocrx_word' id='word_1_442' title='bbox 1021 3778 1046 3827; x_wconf 86' lang='lat' dir='ltr'><strong>et</strong></span> <span class='ocrx_word' id='word_1_443' title='bbox 1063 3773 1133 3827; x_wconf 84' lang='lat' dir='ltr'><strong>mod.</strong></span> <span class='ocrx_word' id='word_1_444' title='bbox 1152 3773 1226 3826; x_wconf 79' lang='lat' dir='ltr'><strong>coee&#39;s</strong></span> <span class='ocrx_word' id='word_1_445' title='bbox 1243 3771 1290 3838; x_wconf 88' lang='lat' dir='ltr'><strong>(de</strong></span> 
     </span>
     <span class='ocr_line' id='line_1_46' title="bbox 13 3839 1291 3912; baseline -0.004 -16"><span class='ocrx_word' id='word_1_446' title='bbox 13 3855 14 3862; x_wconf 56' lang='lat'>¹</span> <span class='ocrx_word' id='word_1_447' title='bbox 117 3843 286 3912; x_wconf 83' lang='lat' dir='ltr'><strong>geglaubter</strong></span> <span class='ocrx_word' id='word_1_448' title='bbox 316 3843 371 3898; x_wconf 85' lang='lat' dir='ltr'><strong>Kin</strong></span> <span class='ocrx_word' id='word_1_449' title='bbox 392 3861 423 3899; x_wconf 90' lang='lat' dir='ltr'><strong>er</strong></span> <span class='ocrx_word' id='word_1_450' title='bbox 457 3844 565 3912; x_wconf 84' lang='lat' dir='ltr'><strong>spielen</strong></span> <span class='ocrx_word' id='word_1_451' title='bbox 600 3841 677 3896; x_wconf 84' lang='lat' dir='ltr'><strong>dicae</strong></span> <span class='ocrx_word' id='word_1_452' title='bbox 729 3842 1014 3908; x_wconf 76' lang='lat' dir='ltr'><strong>or.H1224)aufdie</strong></span> <span class='ocrx_word' id='word_1_453' title='bbox 1031 3842 1118 3904; x_wconf 87' lang='lat' dir='ltr'><strong>actio,</strong></span> <span class='ocrx_word' id='word_1_454' title='bbox 1138 3839 1291 3892; x_wconf 82' lang='lat' dir='ltr'><strong>sobezieht</strong></span> 
     </span>
     <span class='ocr_line' id='line_1_47' title="bbox 13 3906 1294 3981; baseline -0.005 -16"><span class='ocrx_word' id='word_1_455' title='bbox 13 3927 14 3976; x_wconf 73' lang='lat' dir='ltr'><strong>j</strong></span> <span class='ocrx_word' id='word_1_456' title='bbox 115 3911 200 3965; x_wconf 91' lang='lat' dir='ltr'><strong>naevi</strong></span> <span class='ocrx_word' id='word_1_457' title='bbox 216 3913 274 3966; x_wconf 89' lang='lat' dir='ltr'><strong>und</strong></span> <span class='ocrx_word' id='word_1_458' title='bbox 296 3913 463 3981; x_wconf 86' lang='lat' dir='ltr'><strong>crepundia,</strong></span> <span class='ocrx_word' id='word_1_459' title='bbox 482 3911 677 3980; x_wconf 76' lang='lat' dir='ltr'><strong>‘Kdrpermale</strong></span> <span class='ocrx_word' id='word_1_460' title='bbox 729 3909 788 3963; x_wconf 87' lang='lat' dir='ltr'><strong>sich</strong></span> <span class='ocrx_word' id='word_1_461' title='bbox 810 3914 974 3964; x_wconf 79' lang='lat' dir='ltr'><strong>commutato</strong></span> <span class='ocrx_word' id='word_1_462' title='bbox 994 3924 1091 3978; x_wconf 72' lang='lat' dir='ltr'><strong>ponere</strong></span> <span class='ocrx_word' id='word_1_463' title='bbox 1111 3907 1225 3962; x_wconf 71' lang='lat' dir='ltr'><strong>dicendi</strong></span> <span class='ocrx_word' id='word_1_464' title='bbox 1243 3906 1294 3960; x_wconf 86' lang='lat' dir='ltr'><strong>auf</strong></span> 
     </span>
     <span class='ocr_line' id='line_1_48' title="bbox 13 3974 1291 4046; baseline -0.003 -16"><span class='ocrx_word' id='word_1_465' title='bbox 13 3977 14 4042; x_wconf 55' lang='grc' dir='ltr'>Τ</span> <span class='ocrx_word' id='word_1_466' title='bbox 118 3978 176 4031; x_wconf 90' lang='lat' dir='ltr'><strong>und</strong></span> <span class='ocrx_word' id='word_1_467' title='bbox 193 3979 257 4034; x_wconf 85' lang='lat' dir='ltr'><strong>dem</strong></span> <span class='ocrx_word' id='word_1_468' title='bbox 275 3980 367 4034; x_wconf 89' lang='lat' dir='ltr'><strong>Kinde</strong></span> <span class='ocrx_word' id='word_1_469' title='bbox 385 3981 459 4034; x_wconf 87' lang='lat' dir='ltr'><strong>einst</strong></span> <span class='ocrx_word' id='word_1_470' title='bbox 476 3979 677 4046; x_wconf 83' lang='lat' dir='ltr'><strong>mitgegebene</strong></span> <span class='ocrx_word' id='word_1_471' title='bbox 732 3977 778 4030; x_wconf 90' lang='lat' dir='ltr'><strong>die</strong></span> <span class='ocrx_word' id='word_1_472' title='bbox 796 3976 982 4046; x_wconf 83' lang='lat' dir='ltr'><strong>(glauzvolle‚</strong></span> <span class='ocrx_word' id='word_1_473' title='bbox 1000 3974 1291 4045; x_wconf 67' lang='lat' dir='ltr'><strong>prbchtige,1“1ppige)</strong></span> 
     </span>
     <span class='ocr_line' id='line_1_49' title="bbox 13 4041 1291 4116; baseline -0.004 -18"><span class='ocrx_word' id='word_1_474' title='bbox 13 4049 14 4110; x_wconf 59' lang='lat' dir='ltr'>T</span> <span class='ocrx_word' id='word_1_475' title='bbox 118 4044 269 4100; x_wconf 81' lang='lat' dir='ltr'><strong>Schmuclr-</strong></span> <span class='ocrx_word' id='word_1_476' title='bbox 286 4048 345 4102; x_wconf 87' lang='lat' dir='ltr'><strong>und</strong></span> <span class='ocrx_word' id='word_1_477' title='bbox 362 4047 563 4116; x_wconf 85' lang='lat' dir='ltr'><strong>Spielsachen’‚</strong></span> <span class='ocrx_word' id='word_1_478' title='bbox 582 4048 678 4099; x_wconf 80' lang='lat' dir='ltr'><strong>nattir-</strong></span> <span class='ocrx_word' id='word_1_479' title='bbox 730 4045 815 4098; x_wconf 87' lang='lat' dir='ltr'><strong>dictio</strong></span> <span class='ocrx_word' id='word_1_480' title='bbox 829 4044 878 4098; x_wconf 89' lang='lat' dir='ltr'><strong>der</strong></span> <span class='ocrx_word' id='word_1_481' title='bbox 891 4041 1291 4098; x_wconf 77' lang='lat' dir='ltr'><strong>arianiechensseredsamkeit</strong></span> 
     </span>
     <span class='ocr_line' id='line_1_50' title="bbox 13 4109 1290 4184; baseline -0.004 -18"><span class='ocrx_word' id='word_1_482' title='bbox 13 4119 14 4184; x_wconf 45' lang='grc' dir='ltr'>ζ</span> <span class='ocrx_word' id='word_1_483' title='bbox 114 4112 172 4166; x_wconf 90' lang='lat' dir='ltr'><strong>lich</strong></span> <span class='ocrx_word' id='word_1_484' title='bbox 195 4115 257 4170; x_wconf 86' lang='lat' dir='ltr'><strong>eine</strong></span> <span class='ocrx_word' id='word_1_485' title='bbox 279 4115 458 4184; x_wconf 89' lang='lat' dir='ltr'><strong>Hauptrolle.</strong></span> <span class='ocrx_word' id='word_1_486' title='bbox 493 4114 583 4168; x_wconf 88' lang='lat' dir='ltr'><strong>Plaut.</strong></span> <span class='ocrx_word' id='word_1_487' title='bbox 605 4114 677 4168; x_wconf 89' lang='lat' dir='ltr'><strong>Rud.</strong></span> <span class='ocrx_word' id='word_1_488' title='bbox 730 4111 776 4182; x_wconf 87' lang='lat' dir='ltr'><strong>(de</strong></span> <span class='ocrx_word' id='word_1_489' title='bbox 801 4116 860 4181; x_wconf 83' lang='lat' dir='ltr'><strong>opt.</strong></span> <span class='ocrx_word' id='word_1_490' title='bbox 882 4128 946 4182; x_wconf 82' lang='lat' dir='ltr'><strong>gen.</strong></span> <span class='ocrx_word' id='word_1_491' title='bbox 970 4127 1010 4164; x_wconf 91' lang='lat' dir='ltr'><strong>or.</strong></span> <span class='ocrx_word' id='word_1_492' title='bbox 1034 4117 1050 4166; x_wconf 89' lang='lat'>8</span> <span class='ocrx_word' id='word_1_493' title='bbox 1076 4109 1179 4164; x_wconf 84' lang='lat' dir='ltr'><strong>vitiosa</strong></span> <span class='ocrx_word' id='word_1_494' title='bbox 1202 4110 1290 4162; x_wconf 88' lang='lat' dir='ltr'><strong>abun-</strong></span> 
     </span>
     <span class='ocr_line' id='line_1_51' title="bbox 13 4176 1291 4251; baseline -0.004 -17"><span class='ocrx_word' id='word_1_495' title='bbox 13 4201 14 4210; x_wconf 52' lang='lat'>¹</span> <span class='ocrx_word' id='word_1_496' title='bbox 118 4187 183 4235; x_wconf 84' lang='lat'>1081</span> <span class='ocrx_word' id='word_1_497' title='bbox 203 4199 236 4236; x_wconf 88' lang='lat' dir='ltr'><strong>ea</strong></span> <span class='ocrx_word' id='word_1_498' title='bbox 258 4200 330 4251; x_wconf 89' lang='lat' dir='ltr'><strong>quae</strong></span> <span class='ocrx_word' id='word_1_499' title='bbox 355 4183 423 4236; x_wconf 91' lang='lat' dir='ltr'><strong>olim</strong></span> <span class='ocrx_word' id='word_1_500' title='bbox 445 4199 536 4251; x_wconf 87' lang='lat' dir='ltr'><strong>parva</strong></span> <span class='ocrx_word' id='word_1_501' title='bbox 556 4182 679 4250; x_wconf 82' lang='lat' dir='ltr'><strong>gestavit</strong></span> <span class='ocrx_word' id='word_1_502' title='bbox 729 4181 851 4246; x_wconf 83' lang='lat' dir='ltr'><strong>dantia),</strong></span> <span class='ocrx_word' id='word_1_503' title='bbox 887 4197 922 4232; x_wconf 85' lang='lat' dir='ltr'><strong>cu</strong></span> <span class='ocrx_word' id='word_1_504' title='bbox 950 4179 1000 4233; x_wconf 91' lang='lat' dir='ltr'><strong>der</strong></span> <span class='ocrx_word' id='word_1_505' title='bbox 1034 4177 1094 4231; x_wconf 88' lang='lat' dir='ltr'><strong>sich</strong></span> <span class='ocrx_word' id='word_1_506' title='bbox 1129 4176 1226 4231; x_wconf 80' lang='lat' dir='ltr'><strong>(liceto</strong></span> <span class='ocrx_word' id='word_1_507' title='bbox 1260 4177 1291 4230; x_wconf 90' lang='lat' dir='ltr'><strong>in</strong></span> 
     </span>
     <span class='ocr_line' id='line_1_52' title="bbox 13 4244 1290 4320; baseline -0.002 -19"><span class='ocrx_word' id='word_1_508' title='bbox 13 4253 14 4320; x_wconf 63' lang='lat' dir='ltr'>J</span> <span class='ocrx_word' id='word_1_509' title='bbox 118 4251 271 4316; x_wconf 87' lang='lat' dir='ltr'><strong>crepundia</strong></span> <span class='ocrx_word' id='word_1_510' title='bbox 289 4251 336 4304; x_wconf 88' lang='lat' dir='ltr'><strong>isti</strong></span> <span class='ocrx_word' id='word_1_511' title='bbox 352 4251 383 4303; x_wconf 91' lang='lat' dir='ltr'><strong>in</strong></span> <span class='ocrx_word' id='word_1_512' title='bbox 394 4251 449 4304; x_wconf 85' lang='lat' dir='ltr'><strong>ista</strong></span> <span class='ocrx_word' id='word_1_513' title='bbox 463 4248 564 4304; x_wconf 85' lang='lat' dir='ltr'><strong>cistula</strong></span> <span class='ocrx_word' id='word_1_514' title='bbox 575 4249 677 4304; x_wconf 88' lang='lat' dir='ltr'><strong>insunt.</strong></span> <span class='ocrx_word' id='word_1_515' title='bbox 729 4249 785 4302; x_wconf 89' lang='lat' dir='ltr'><strong>den</strong></span> <span class='ocrx_word' id='word_1_516' title='bbox 802 4249 896 4302; x_wconf 86' lang='lat' dir='ltr'><strong>ersten</strong></span> <span class='ocrx_word' id='word_1_517' title='bbox 918 4247 1023 4300; x_wconf 89' lang='lat' dir='ltr'><strong>Jahreu</strong></span> <span class='ocrx_word' id='word_1_518' title='bbox 1049 4246 1142 4299; x_wconf 87' lang='lat' dir='ltr'><strong>seiner</strong></span> <span class='ocrx_word' id='word_1_519' title='bbox 1166 4244 1290 4299; x_wconf 86' lang='lat' dir='ltr'><strong>redueri-</strong></span> 
     </span>
    </p>
   </div>
   <div class='ocr_carea' id='block_1_6' title="bbox 116 4313 1289 4388">
    <p class='ocr_par' dir='ltr' id='par_1_11' title="bbox 116 4313 1289 4388">
     <span class='ocr_line' id='line_1_53' title="bbox 116 4313 1289 4388; baseline -0.005 -16"><span class='ocrx_word' id='word_1_520' title='bbox 116 4319 158 4372; x_wconf 90' lang='lat' dir='ltr'><strong>Im</strong></span> <span class='ocrx_word' id='word_1_521' title='bbox 169 4317 327 4386; x_wconf 81' lang='lat' dir='ltr'><strong>Gegensata</strong></span> <span class='ocrx_word' id='word_1_522' title='bbox 338 4336 372 4371; x_wconf 85' lang='lat' dir='ltr'><strong>zu</strong></span> <span class='ocrx_word' id='word_1_523' title='bbox 382 4334 498 4388; x_wconf 85' lang='lat' dir='ltr'><strong>corpore</strong></span> <span class='ocrx_word' id='word_1_524' title='bbox 508 4319 584 4372; x_wconf 90' lang='lat' dir='ltr'><strong>omni</strong></span> <span class='ocrx_word' id='word_1_525' title='bbox 594 4318 677 4373; x_wconf 78' lang='lat' dir='ltr'><strong>‘nach</strong></span> <span class='ocrx_word' id='word_1_526' title='bbox 729 4316 814 4371; x_wconf 89' lang='lat' dir='ltr'><strong>schen</strong></span> <span class='ocrx_word' id='word_1_527' title='bbox 825 4314 990 4384; x_wconf 67' lang='lat' dir='ltr'><strong>Thatigkeit</strong></span> <span class='ocrx_word' id='word_1_528' title='bbox 1002 4313 1178 4382; x_wconf 82' lang='lat' dir='ltr'><strong>hingecogen</strong></span> <span class='ocrx_word' id='word_1_529' title='bbox 1189 4313 1289 4368; x_wconf 84' lang='lat' dir='ltr'><strong>fuhlte.</strong></span> 
     </span>
    </p>
   </div>
   <div class='ocr_carea' id='block_1_7' title="bbox 0 0 1514 4846">
    <p class='ocr_par' dir='ltr' id='par_1_12' title="bbox 0 0 1514 4846">
     <span class='ocr_line' id='line_1_54' title="bbox 0 0 1514 4846; baseline 0 0"><span class='ocrx_word' id='word_1_530' title='bbox 0 0 1514 4846; x_wconf 95' lang='lat' dir='ltr'><strong> </strong></span> 
     </span>
    </p>
   </div>
  </div>
 </body>
</html>
