<?xml version="1.0" encoding="UTF-8"?>
<!DOCTYPE html PUBLIC "-//W3C//DTD XHTML 1.0 Transitional//EN"
    "http://www.w3.org/TR/xhtml1/DTD/xhtml1-transitional.dtd">
<html xmlns="http://www.w3.org/1999/xhtml" xml:lang="en" lang="en">
 <head>
  <title>
</title>
<meta http-equiv="Content-Type" content="text/html;charset=utf-8" />
  <meta name='ocr-system' content='tesseract 3.04.00' />
  <meta name='ocr-capabilities' content='ocr_page ocr_carea ocr_par ocr_line ocrx_word'/>
</head>
<body>
  <div class='ocr_page' id='page_1' title='image "./cicerosbrutus00pidegoog_0072.png"; bbox 0 0 3004 4844; ppageno 0'>
   <div class='ocr_carea' id='block_1_1' title="bbox 207 250 1002 321">
    <p class='ocr_par' dir='ltr' id='par_1_1' title="bbox 207 250 1002 321">
     <span class='ocr_line' id='line_1_1' title="bbox 207 250 1002 321; baseline 0.001 -18"><span class='ocrx_word' id='word_1_1' title='bbox 207 254 249 318; x_wconf 76' lang='lat'>50</span> <span class='ocrx_word' id='word_1_2' title='bbox 580 250 723 306; x_wconf 79' lang='grc'><strong>666266</strong></span> <span class='ocrx_word' id='word_1_3' title='bbox 741 257 766 320; x_wconf 80' lang='lat' dir='ltr'>r,</span> <span class='ocrx_word' id='word_1_4' title='bbox 783 257 825 307; x_wconf 81' lang='lat' dir='ltr'>aa.</span> <span class='ocrx_word' id='word_1_5' title='bbox 844 257 885 306; x_wconf 85' lang='lat' dir='ltr'>so.</span> <span class='ocrx_word' id='word_1_6' title='bbox 915 258 941 321; x_wconf 87' lang='lat' dir='ltr'>s,</span> <span class='ocrx_word' id='word_1_7' title='bbox 961 257 1002 307; x_wconf 85' lang='lat' dir='ltr'>ao.</span> 
     </span>
    </p>
   </div>
   <div class='ocr_carea' id='block_1_2' title="bbox 124 404 1491 1754">
    <p class='ocr_par' dir='ltr' id='par_1_2' title="bbox 124 404 1491 1754">
     <span class='ocr_line' id='line_1_2' title="bbox 156 404 1380 488; baseline 0.002 -21"><span class='ocrx_word' id='word_1_8' title='bbox 156 417 189 466; x_wconf 80' lang='grc'>28</span> <span class='ocrx_word' id='word_1_9' title='bbox 205 404 283 468; x_wconf 87' lang='lat' dir='ltr'>Post</span> <span class='ocrx_word' id='word_1_10' title='bbox 310 404 393 468; x_wconf 89' lang='lat' dir='ltr'>hanc</span> <span class='ocrx_word' id='word_1_11' title='bbox 420 407 558 469; x_wconf 86' lang='lat' dir='ltr'>aetatem</span> <span class='ocrx_word' id='word_1_12' title='bbox 588 404 711 488; x_wconf 77' lang='lat' dir='ltr'>aliquot</span> <span class='ocrx_word' id='word_1_13' title='bbox 737 404 849 484; x_wconf 88' lang='lat' dir='ltr'>annis,</span> <span class='ocrx_word' id='word_1_14' title='bbox 883 407 919 467; x_wconf 90' lang='lat' dir='ltr'>ut</span> <span class='ocrx_word' id='word_1_15' title='bbox 946 426 984 468; x_wconf 84' lang='lat' dir='ltr'>ex</span> <span class='ocrx_word' id='word_1_16' title='bbox 1015 404 1133 468; x_wconf 86' lang='lat' dir='ltr'>Atticis</span> <span class='ocrx_word' id='word_1_17' title='bbox 1160 405 1380 469; x_wconf 76' lang='lat' dir='ltr'><strong>monumentis</strong></span> 
     </span>
     <span class='ocr_line' id='line_1_3' title="bbox 207 487 1379 572; baseline 0.002 -20"><span class='ocrx_word' id='word_1_18' title='bbox 207 491 314 572; x_wconf 90' lang='lat' dir='ltr'>potest</span> <span class='ocrx_word' id='word_1_19' title='bbox 335 489 485 572; x_wconf 83' lang='lat' dir='ltr'>perspici,</span> <span class='ocrx_word' id='word_1_20' title='bbox 509 488 740 553; x_wconf 84' lang='lat' dir='ltr'>Themistocles</span> <span class='ocrx_word' id='word_1_21' title='bbox 762 487 836 571; x_wconf 86' lang='lat' dir='ltr'>fnit,</span> <span class='ocrx_word' id='word_1_22' title='bbox 860 509 954 572; x_wconf 88' lang='lat' dir='ltr'>quem</span> <span class='ocrx_word' id='word_1_23' title='bbox 977 492 1190 554; x_wconf 86' lang='lat' dir='ltr'>constat-cnm</span> <span class='ocrx_word' id='word_1_24' title='bbox 1205 489 1379 572; x_wconf 85' lang='lat' dir='ltr'>prudentia</span> 
     </span>
     <span class='ocr_line' id='line_1_4' title="bbox 208 572 1379 658; baseline 0 -21"><span class='ocrx_word' id='word_1_25' title='bbox 208 578 275 637; x_wconf 87' lang='lat' dir='ltr'>tum</span> <span class='ocrx_word' id='word_1_26' title='bbox 291 574 387 638; x_wconf 88' lang='lat' dir='ltr'>etiam</span> <span class='ocrx_word' id='word_1_27' title='bbox 402 573 586 656; x_wconf 77' lang='lat' dir='ltr'>eloquentia</span> <span class='ocrx_word' id='word_1_28' title='bbox 601 573 815 658; x_wconf 70' lang='lat' dir='ltr'>praestitisse,</span> <span class='ocrx_word' id='word_1_29' title='bbox 839 576 914 655; x_wconf 91' lang='lat' dir='ltr'>post</span> <span class='ocrx_word' id='word_1_30' title='bbox 929 573 1077 655; x_wconf 90' lang='lat' dir='ltr'>Pericles,</span> <span class='ocrx_word' id='word_1_31' title='bbox 1094 574 1149 656; x_wconf 92' lang='lat' dir='ltr'>qui</span> <span class='ocrx_word' id='word_1_32' title='bbox 1164 593 1235 637; x_wconf 85' lang='lat' dir='ltr'>cum</span> <span class='ocrx_word' id='word_1_33' title='bbox 1249 572 1379 642; x_wconf 86' lang='lat' dir='ltr'>floreret</span> 
     </span>
     <span class='ocr_line' id='line_1_5' title="bbox 208 657 1378 743; baseline -0.001 -21"><span class='ocrx_word' id='word_1_34' title='bbox 208 658 297 722; x_wconf 91' lang='lat' dir='ltr'>omni</span> <span class='ocrx_word' id='word_1_35' title='bbox 311 679 429 743; x_wconf 88' lang='lat' dir='ltr'>genere</span> <span class='ocrx_word' id='word_1_36' title='bbox 444 659 583 738; x_wconf 84' lang='lat' dir='ltr'>virtutis,</span> <span class='ocrx_word' id='word_1_37' title='bbox 606 659 667 722; x_wconf 89' lang='lat' dir='ltr'>hac</span> <span class='ocrx_word' id='word_1_38' title='bbox 681 661 791 721; x_wconf 86' lang='lat' dir='ltr'>tamen</span> <span class='ocrx_word' id='word_1_39' title='bbox 806 659 868 721; x_wconf 88' lang='lat' dir='ltr'>fuit</span> <span class='ocrx_word' id='word_1_40' title='bbox 881 657 974 722; x_wconf 90' lang='lat' dir='ltr'>laude</span> <span class='ocrx_word' id='word_1_41' title='bbox 989 657 1192 723; x_wconf 81' lang='lat' dir='ltr'>clarissimus.</span> <span class='ocrx_word' id='word_1_42' title='bbox 1224 657 1378 723; x_wconf 82' lang='lat' dir='ltr'>Cleonem</span> 
     </span>
     <span class='ocr_line' id='line_1_6' title="bbox 207 741 1410 826; baseline -0.004 -20"><span class='ocrx_word' id='word_1_43' title='bbox 207 742 307 806; x_wconf 91' lang='lat' dir='ltr'>etiam</span> <span class='ocrx_word' id='word_1_44' title='bbox 336 743 537 825; x_wconf 79' lang='lat' dir='ltr'>temporibus</span> <span class='ocrx_word' id='word_1_45' title='bbox 564 742 628 806; x_wconf 90' lang='lat' dir='ltr'>illis</span> <span class='ocrx_word' id='word_1_46' title='bbox 655 741 876 806; x_wconf 89' lang='lat' dir='ltr'>turbulentum</span> <span class='ocrx_word' id='word_1_47' title='bbox 902 742 993 806; x_wconf 93' lang='lat' dir='ltr'>illum</span> <span class='ocrx_word' id='word_1_48' title='bbox 1015 742 1144 826; x_wconf 93' lang='lat' dir='ltr'>quidem</span> <span class='ocrx_word' id='word_1_49' title='bbox 1173 742 1289 824; x_wconf 84' lang='lat' dir='ltr'>civem,</span> <span class='ocrx_word' id='word_1_50' title='bbox 1322 745 1410 806; x_wconf 82' lang='grc'><strong>6666</strong></span> 
     </span>
     <span class='ocr_line' id='line_1_7' title="bbox 157 825 1377 910; baseline 0.003 -24"><span class='ocrx_word' id='word_1_51' title='bbox 157 839 189 887; x_wconf 84' lang='grc'>29</span> <span class='ocrx_word' id='word_1_52' title='bbox 205 831 314 891; x_wconf 90' lang='lat' dir='ltr'>tamen</span> <span class='ocrx_word' id='word_1_53' title='bbox 340 826 545 909; x_wconf 87' lang='lat' dir='ltr'>eloquentem</span> <span class='ocrx_word' id='word_1_54' title='bbox 573 831 701 891; x_wconf 89' lang='lat' dir='ltr'>constat</span> <span class='ocrx_word' id='word_1_55' title='bbox 721 826 832 890; x_wconf 88' lang='lat' dir='ltr'>fuisse.</span> <span class='ocrx_word' id='word_1_56' title='bbox 876 825 961 890; x_wconf 82' lang='lat' dir='ltr'>Huic</span> <span class='ocrx_word' id='word_1_57' title='bbox 984 829 1084 890; x_wconf 82' lang='lat' dir='ltr'>aet-ati</span> <span class='ocrx_word' id='word_1_58' title='bbox 1112 848 1265 910; x_wconf 74' lang='lat' dir='ltr'>suppares</span> <span class='ocrx_word' id='word_1_59' title='bbox 1288 826 1377 891; x_wconf 90' lang='lat' dir='ltr'>Alci-</span> 
     </span>
     <span class='ocr_line' id='line_1_8' title="bbox 208 909 1380 994; baseline 0 -20"><span class='ocrx_word' id='word_1_60' title='bbox 208 911 319 974; x_wconf 84' lang='lat' dir='ltr'>biades</span> <span class='ocrx_word' id='word_1_61' title='bbox 348 909 465 975; x_wconf 79' lang='lat' dir='ltr'>Critias</span> <span class='ocrx_word' id='word_1_62' title='bbox 495 909 723 994; x_wconf 72' lang='lat' dir='ltr'>Theramenes,</span> <span class='ocrx_word' id='word_1_63' title='bbox 757 911 872 993; x_wconf 87' lang='lat' dir='ltr'>quibus</span> <span class='ocrx_word' id='word_1_64' title='bbox 905 911 1101 994; x_wconf 85' lang='lat' dir='ltr'>temporibus</span> <span class='ocrx_word' id='word_1_65' title='bbox 1134 912 1218 994; x_wconf 91' lang='lat' dir='ltr'>quod</span> <span class='ocrx_word' id='word_1_66' title='bbox 1251 910 1380 975; x_wconf 87' lang='lat' dir='ltr'>dicendi</span> 
     </span>
     <span class='ocr_line' id='line_1_9' title="bbox 208 994 1380 1080; baseline 0.001 -22"><span class='ocrx_word' id='word_1_67' title='bbox 208 1016 310 1078; x_wconf 88' lang='lat' dir='ltr'>genus</span> <span class='ocrx_word' id='word_1_68' title='bbox 324 995 464 1078; x_wconf 77' lang='lat' dir='ltr'>viguerit</span> <span class='ocrx_word' id='word_1_69' title='bbox 487 1016 525 1058; x_wconf 86' lang='lat' dir='ltr'>ex</span> <span class='ocrx_word' id='word_1_70' title='bbox 540 994 719 1078; x_wconf 83' lang='lat' dir='ltr'>Thucydidi</span> <span class='ocrx_word' id='word_1_71' title='bbox 734 994 873 1078; x_wconf 88' lang='lat' dir='ltr'>scriptis,</span> <span class='ocrx_word' id='word_1_72' title='bbox 897 995 952 1078; x_wconf 90' lang='lat' dir='ltr'>qui</span> <span class='ocrx_word' id='word_1_73' title='bbox 967 998 1037 1078; x_wconf 88' lang='lat' dir='ltr'>ipse</span> <span class='ocrx_word' id='word_1_74' title='bbox 1050 998 1121 1060; x_wconf 89' lang='lat' dir='ltr'>tum</span> <span class='ocrx_word' id='word_1_75' title='bbox 1139 996 1211 1076; x_wconf 84' lang='lat' dir='ltr'>fuit,</span> <span class='ocrx_word' id='word_1_76' title='bbox 1231 995 1380 1080; x_wconf 83' lang='lat' dir='ltr'>intellegi</span> 
     </span>
     <span class='ocr_line' id='line_1_10' title="bbox 209 1078 1380 1162; baseline 0.001 -21"><span class='ocrx_word' id='word_1_77' title='bbox 209 1079 348 1142; x_wconf 82' lang='lat' dir='ltr'>maxime</span> <span class='ocrx_word' id='word_1_78' title='bbox 370 1082 486 1161; x_wconf 85' lang='lat' dir='ltr'>potest.</span> <span class='ocrx_word' id='word_1_79' title='bbox 532 1078 677 1144; x_wconf 84' lang='lat' dir='ltr'>Grandes</span> <span class='ocrx_word' id='word_1_80' title='bbox 700 1082 792 1143; x_wconf 87' lang='lat' dir='ltr'>erant</span> <span class='ocrx_word' id='word_1_81' title='bbox 813 1079 936 1162; x_wconf 86' lang='lat' dir='ltr'>verbis,</span> <span class='ocrx_word' id='word_1_82' title='bbox 960 1080 1063 1144; x_wconf 88' lang='lat' dir='ltr'>crebri</span> <span class='ocrx_word' id='word_1_83' title='bbox 1086 1080 1268 1162; x_wconf 87' lang='lat' dir='ltr'>sententiis,</span> <span class='ocrx_word' id='word_1_84' title='bbox 1294 1101 1380 1144; x_wconf 91' lang='lat' dir='ltr'>com·</span> 
     </span>
     <span class='ocr_line' id='line_1_11' title="bbox 208 1163 1491 1254; baseline 0.002 -29"><span class='ocrx_word' id='word_1_85' title='bbox 208 1163 376 1245; x_wconf 87' lang='lat' dir='ltr'>pressione</span> <span class='ocrx_word' id='word_1_86' title='bbox 398 1184 505 1228; x_wconf 89' lang='lat' dir='ltr'>rerum</span> <span class='ocrx_word' id='word_1_87' title='bbox 527 1164 640 1228; x_wconf 86' lang='lat' dir='ltr'>breves</span> <span class='ocrx_word' id='word_1_88' title='bbox 663 1167 696 1228; x_wconf 94' lang='lat' dir='ltr'>et</span> <span class='ocrx_word' id='word_1_89' title='bbox 717 1164 757 1228; x_wconf 95' lang='lat' dir='ltr'>ob</span> <span class='ocrx_word' id='word_1_90' title='bbox 780 1185 850 1227; x_wconf 89' lang='lat' dir='ltr'>earn</span> <span class='ocrx_word' id='word_1_91' title='bbox 866 1165 969 1247; x_wconf 85' lang='lat' dir='ltr'>ipsam</span> <span class='ocrx_word' id='word_1_92' title='bbox 985 1186 1114 1229; x_wconf 89' lang='lat' dir='ltr'>causam</span> <span class='ocrx_word' id='word_1_93' title='bbox 1128 1164 1289 1230; x_wconf 90' lang='lat' dir='ltr'>interdum</span> <span class='ocrx_word' id='word_1_94' title='bbox 1304 1165 1380 1229; x_wconf 86' lang='lat' dir='ltr'>snb·</span> <span class='ocrx_word' id='word_1_95' title='bbox 1397 1181 1426 1222; x_wconf 81' lang='lat'>1⁰</span> <span class='ocrx_word' id='word_1_96' title='bbox 1490 1179 1491 1254; x_wconf 83' lang='grc'><strong>)</strong></span> 
     </span>
     <span class='ocr_line' id='line_1_12' title="bbox 124 1247 1491 1331; baseline 0.001 -19"><span class='ocrx_word' id='word_1_97' title='bbox 124 1247 195 1312; x_wconf 85' lang='grc'>836</span> <span class='ocrx_word' id='word_1_98' title='bbox 210 1248 345 1312; x_wconf 87' lang='lat' dir='ltr'>obscuri.</span> <span class='ocrx_word' id='word_1_99' title='bbox 385 1247 447 1312; x_wconf 84' lang='lat' dir='ltr'>Sed</span> <span class='ocrx_word' id='word_1_100' title='bbox 470 1252 506 1311; x_wconf 90' lang='lat' dir='ltr'>ut</span> <span class='ocrx_word' id='word_1_101' title='bbox 527 1248 728 1313; x_wconf 86' lang='lat' dir='ltr'>intellectum</span> <span class='ocrx_word' id='word_1_102' title='bbox 751 1251 800 1312; x_wconf 92' lang='lat' dir='ltr'>est</span> <span class='ocrx_word' id='word_1_103' title='bbox 821 1253 976 1331; x_wconf 90' lang='lat' dir='ltr'>quantam</span> <span class='ocrx_word' id='word_1_104' title='bbox 996 1251 1062 1313; x_wconf 85' lang='lat' dir='ltr'>rim</span> <span class='ocrx_word' id='word_1_105' title='bbox 1077 1249 1211 1313; x_wconf 89' lang='lat' dir='ltr'>haberet</span> <span class='ocrx_word' id='word_1_106' title='bbox 1231 1253 1382 1313; x_wconf 90' lang='lat' dir='ltr'>accurata</span> <span class='ocrx_word' id='word_1_107' title='bbox 1490 1259 1491 1300; x_wconf 62' lang='grc'><strong>1</strong></span> 
     </span>
     <span class='ocr_line' id='line_1_13' title="bbox 211 1331 1382 1415; baseline 0.001 -20"><span class='ocrx_word' id='word_1_108' title='bbox 211 1336 244 1395; x_wconf 90' lang='grc'>66</span> <span class='ocrx_word' id='word_1_109' title='bbox 270 1331 358 1396; x_wconf 85' lang='lat' dir='ltr'>facta</span> <span class='ocrx_word' id='word_1_110' title='bbox 392 1331 531 1414; x_wconf 86' lang='lat' dir='ltr'>quodam</span> <span class='ocrx_word' id='word_1_111' title='bbox 562 1333 655 1396; x_wconf 89' lang='lat' dir='ltr'>modo</span> <span class='ocrx_word' id='word_1_112' title='bbox 690 1333 808 1415; x_wconf 88' lang='grc'><strong>666616,</strong></span> <span class='ocrx_word' id='word_1_113' title='bbox 841 1336 911 1396; x_wconf 90' lang='lat' dir='ltr'>tum</span> <span class='ocrx_word' id='word_1_114' title='bbox 943 1334 1040 1397; x_wconf 86' lang='lat' dir='ltr'>etiam</span> <span class='ocrx_word' id='word_1_115' title='bbox 1073 1355 1125 1398; x_wconf 86' lang='lat' dir='ltr'>ma</span> <span class='ocrx_word' id='word_1_116' title='bbox 1151 1334 1220 1397; x_wconf 87' lang='lat' dir='ltr'>&#39;stri</span> <span class='ocrx_word' id='word_1_117' title='bbox 1253 1333 1382 1398; x_wconf 89' lang='lat' dir='ltr'>dicendi</span> 
     </span>
     <span class='ocr_line' id='line_1_14' title="bbox 210 1416 1382 1502; baseline 0.001 -21"><span class='ocrx_word' id='word_1_118' title='bbox 210 1416 304 1481; x_wconf 89' lang='lat' dir='ltr'>multi</span> <span class='ocrx_word' id='word_1_119' title='bbox 327 1417 433 1480; x_wconf 91' lang='lat' dir='ltr'>subito</span> <span class='ocrx_word' id='word_1_120' title='bbox 449 1417 655 1502; x_wconf 84' lang='lat' dir='ltr'>exstiterunt;</span> <span class='ocrx_word' id='word_1_121' title='bbox 678 1420 747 1481; x_wconf 90' lang='lat' dir='ltr'>tum</span> <span class='ocrx_word' id='word_1_122' title='bbox 763 1416 940 1482; x_wconf 86' lang='lat' dir='ltr'>Leontinus</span> <span class='ocrx_word' id='word_1_123' title='bbox 957 1416 1105 1502; x_wconf 83' lang='lat' dir='ltr'>Gorgias,</span> <span class='ocrx_word' id='word_1_124' title='bbox 1150 1418 1382 1501; x_wconf 87' lang='lat' dir='ltr'>hrasymachus</span> 
     </span>
     <span class='ocr_line' id='line_1_15' title="bbox 211 1500 1382 1586; baseline 0.001 -21"><span class='ocrx_word' id='word_1_125' title='bbox 211 1500 461 1584; x_wconf 85' lang='lat' dir='ltr'>Calchedonius,</span> <span class='ocrx_word' id='word_1_126' title='bbox 489 1501 682 1586; x_wconf 87' lang='lat' dir='ltr'>Protagoras</span> <span class='ocrx_word' id='word_1_127' title='bbox 711 1501 897 1582; x_wconf 86' lang='lat' dir='ltr'>Abderites,</span> <span class='ocrx_word' id='word_1_128' title='bbox 926 1501 1081 1566; x_wconf 89' lang='lat' dir='ltr'>Prodicus</span> <span class='ocrx_word' id='word_1_129' title='bbox 1116 1501 1207 1579; x_wconf 84' lang='grc'><strong>0166,</strong></span> <span class='ocrx_word' id='word_1_130' title='bbox 1243 1502 1382 1586; x_wconf 89' lang='lat' dir='ltr'>Hippias</span> 
     </span>
     <span class='ocr_line' id='line_1_16' title="bbox 210 1584 1425 1670; baseline 0.002 -23"><span class='ocrx_word' id='word_1_131' title='bbox 210 1584 302 1648; x_wconf 84' lang='lat' dir='ltr'>Elius</span> <span class='ocrx_word' id='word_1_132' title='bbox 325 1585 359 1648; x_wconf 93' lang='lat' dir='ltr'>in</span> <span class='ocrx_word' id='word_1_133' title='bbox 382 1585 505 1649; x_wconf 89' lang='lat' dir='ltr'>honore</span> <span class='ocrx_word' id='word_1_134' title='bbox 528 1607 645 1670; x_wconf 87' lang='lat' dir='ltr'>magno</span> <span class='ocrx_word' id='word_1_135' title='bbox 668 1585 745 1668; x_wconf 72' lang='lat' dir='ltr'>fuit,</span> <span class='ocrx_word' id='word_1_136' title='bbox 774 1585 891 1669; x_wconf 90' lang='lat' dir='ltr'>aliique</span> <span class='ocrx_word' id='word_1_137' title='bbox 919 1585 1012 1650; x_wconf 89' lang='lat' dir='ltr'>multi</span> <span class='ocrx_word' id='word_1_138' title='bbox 1039 1587 1238 1670; x_wconf 88' lang='lat' dir='ltr'>temporibus</span> <span class='ocrx_word' id='word_1_139' title='bbox 1261 1587 1380 1651; x_wconf 87' lang='lat' dir='ltr'>eisdem</span> <span class='ocrx_word' id='word_1_140' title='bbox 1396 1605 1425 1645; x_wconf 82' lang='lat'>1⁵</span> 
     </span>
     <span class='ocr_line' id='line_1_17' title="bbox 211 1669 1381 1754; baseline 0.003 -22"><span class='ocrx_word' id='word_1_141' title='bbox 211 1669 324 1735; x_wconf 89' lang='lat' dir='ltr'>docere</span> <span class='ocrx_word' id='word_1_142' title='bbox 347 1690 380 1733; x_wconf 91' lang='grc'>66</span> <span class='ocrx_word' id='word_1_143' title='bbox 402 1669 650 1754; x_wconf 85' lang='lat' dir='ltr'>profitebantur,</span> <span class='ocrx_word' id='word_1_144' title='bbox 677 1670 907 1754; x_wconf 84' lang='lat' dir='ltr'>adrogantibus</span> <span class='ocrx_word' id='word_1_145' title='bbox 929 1693 1005 1735; x_wconf 90' lang='grc'><strong>6666</strong></span> <span class='ocrx_word' id='word_1_146' title='bbox 1026 1671 1146 1753; x_wconf 89' lang='lat' dir='ltr'>verbis,</span> <span class='ocrx_word' id='word_1_147' title='bbox 1176 1671 1381 1754; x_wconf 89' lang='lat' dir='ltr'>quemadmo-</span> 
     </span>
    </p>
   </div>
   <div class='ocr_carea' id='block_1_3' title="bbox 209 1871 1379 1940">
    <p class='ocr_par' dir='ltr' id='par_1_3' title="bbox 209 1871 1379 1940">
     <span class='ocr_line' id='line_1_18' title="bbox 209 1871 1379 1940; baseline 0.003 -17"><span class='ocrx_word' id='word_1_148' title='bbox 209 1871 759 1940; x_wconf 76' lang='lat' dir='ltr'>gemeseen.39und413102,107162</span> <span class='ocrx_word' id='word_1_149' title='bbox 820 1871 1021 1925; x_wconf 84' lang='lat' dir='ltr'>oratorirchem</span> <span class='ocrx_word' id='word_1_150' title='bbox 1058 1873 1241 1926; x_wconf 85' lang='lat' dir='ltr'>Bewusstsein</span> <span class='ocrx_word' id='word_1_151' title='bbox 1280 1873 1379 1926; x_wconf 88' lang='lat' dir='ltr'>kunst·</span> 
     </span>
    </p>
   </div>
   <div class='ocr_carea' id='block_1_4' title="bbox 208 1911 769 2465">
    <p class='ocr_par' dir='ltr' id='par_1_4' title="bbox 208 1911 769 2465">
     <span class='ocr_line' id='line_1_19' title="bbox 209 1911 768 2003; baseline 0 -11"><span class='ocrx_word' id='word_1_152' title='bbox 209 1944 273 2003; x_wconf 80' lang='grc'><strong>664,</strong></span> <span class='ocrx_word' id='word_1_153' title='bbox 293 1945 355 2003; x_wconf 69' lang='lat' dir='ltr'>aaa</span> <span class='ocrx_word' id='word_1_154' title='bbox 375 1939 411 1993; x_wconf 80' lang='lat'>‹10</span> <span class='ocrx_word' id='word_1_155' title='bbox 429 1955 468 1998; x_wconf 78' lang='lat' dir='ltr'>or.</span> <span class='ocrx_word' id='word_1_156' title='bbox 486 1940 513 1993; x_wconf 87' lang='lat'>11</span> <span class='ocrx_word' id='word_1_157' title='bbox 531 1946 556 1994; x_wconf 85' lang='lat' dir='ltr'>s.</span> <span class='ocrx_word' id='word_1_158' title='bbox 594 1942 630 1993; x_wconf 76' lang='lat' dir='ltr'>aa</span> <span class='ocrx_word' id='word_1_159' title='bbox 648 1913 708 1994; x_wconf 81' lang='lat' dir='ltr'>Ati.</span> <span class='ocrx_word' id='word_1_160' title='bbox 728 1911 768 1992; x_wconf 77' lang='lat' dir='ltr'>ui</span> 
     </span>
     <span class='ocr_line' id='line_1_20' title="bbox 209 2005 767 2087; baseline 0.002 -28"><span class='ocrx_word' id='word_1_161' title='bbox 209 2012 233 2074; x_wconf 92' lang='lat'>1,</span> <span class='ocrx_word' id='word_1_162' title='bbox 249 2012 265 2061; x_wconf 90' lang='lat'>8</span> <span class='ocrx_word' id='word_1_163' title='bbox 283 2005 325 2084; x_wconf 77' lang='lat' dir='ltr'>ita</span> <span class='ocrx_word' id='word_1_164' title='bbox 342 2008 407 2060; x_wconf 89' lang='lat' dir='ltr'>sunt</span> <span class='ocrx_word' id='word_1_165' title='bbox 423 2024 467 2061; x_wconf 89' lang='grc'>666</span> <span class='ocrx_word' id='word_1_166' title='bbox 481 2010 611 2087; x_wconf 81' lang='lat' dir='ltr'>nostrae,</span> <span class='ocrx_word' id='word_1_167' title='bbox 622 2009 662 2085; x_wconf 90' lang='grc' dir='ltr'>Ι66</span> <span class='ocrx_word' id='word_1_168' title='bbox 678 2007 706 2060; x_wconf 89' lang='lat' dir='ltr'>in</span> <span class='ocrx_word' id='word_1_169' title='bbox 725 2023 767 2061; x_wconf 87' lang='lat' dir='ltr'>se-</span> 
     </span>
     <span class='ocr_line' id='line_1_21' title="bbox 210 2074 769 2155; baseline 0.004 -29"><span class='ocrx_word' id='word_1_170' title='bbox 210 2074 314 2138; x_wconf 86' lang='grc'><strong>666666,</strong></span> <span class='ocrx_word' id='word_1_171' title='bbox 326 2074 653 2155; x_wconf 36' lang='grc'><strong>11666666666166666666,</strong></span> <span class='ocrx_word' id='word_1_172' title='bbox 666 2075 769 2155; x_wconf 78' lang='lat' dir='ltr'>honae.</span> 
     </span>
     <span class='ocr_line' id='line_1_22' title="bbox 208 2143 769 2290; baseline 0 -28"><span class='ocrx_word' id='word_1_173' title='bbox 208 2143 370 2290; x_wconf 65' lang='lat' dir='ltr'>ababli</span> <span class='ocrx_word' id='word_1_174' title='bbox 392 2143 769 2288; x_wconf 50' lang='lat' dir='ltr'>lasibithim?</span> 
     </span>
     <span class='ocr_line' id='line_1_23' title="bbox 209 2276 769 2354; baseline 0 -26"><span class='ocrx_word' id='word_1_175' title='bbox 209 2276 303 2330; x_wconf 87' lang='grc'><strong>666666</strong></span> <span class='ocrx_word' id='word_1_176' title='bbox 335 2277 455 2354; x_wconf 86' lang='lat' dir='ltr'>Pcrrodc</span> <span class='ocrx_word' id='word_1_177' title='bbox 490 2277 540 2331; x_wconf 90' lang='lat' dir='ltr'>der</span> <span class='ocrx_word' id='word_1_178' title='bbox 595 2277 769 2330; x_wconf 86' lang='lat' dir='ltr'>rrechrschen</span> 
     </span>
     <span class='ocr_line' id='line_1_24' title="bbox 208 2343 769 2465; baseline -0.002 -1"><span class='ocrx_word' id='word_1_179' title='bbox 208 2343 769 2465; x_wconf 43' lang='lat' dir='ltr'>distributurus‘’absz</span> 
     </span>
    </p>
   </div>
   <div class='ocr_carea' id='block_1_5' title="bbox 209 2477 769 2599">
    <p class='ocr_par' dir='ltr' id='par_1_5' title="bbox 209 2477 769 2599">
     <span class='ocr_line' id='line_1_25' title="bbox 209 2477 769 2599; baseline 0.002 -70"><span class='ocrx_word' id='word_1_180' title='bbox 209 2494 288 2557; x_wconf 80' lang='lat' dir='ltr'>nung</span> <span class='ocrx_word' id='word_1_181' title='bbox 305 2478 385 2531; x_wconf 85' lang='lat' dir='ltr'>nicht</span> <span class='ocrx_word' id='word_1_182' title='bbox 401 2493 432 2532; x_wconf 91' lang='grc'>66</span> <span class='ocrx_word' id='word_1_183' title='bbox 444 2477 658 2599; x_wconf 69' lang='grc' dir='ltr'><strong>61166661οῇ66]</strong></span> <span class='ocrx_word' id='word_1_184' title='bbox 675 2494 769 2545; x_wconf 82' lang='lat' dir='ltr'>ganan</span> 
     </span>
    </p>
   </div>
   <div class='ocr_carea' id='block_1_6' title="bbox 208 2545 771 4365">
    <p class='ocr_par' dir='ltr' id='par_1_6' title="bbox 209 2545 768 2732">
     <span class='ocr_line' id='line_1_26' title="bbox 210 2545 768 2614; baseline 0.002 -16"><span class='ocrx_word' id='word_1_185' title='bbox 210 2545 363 2610; x_wconf 70' lang='lat' dir='ltr'>(Perfidae,</span> <span class='ocrx_word' id='word_1_186' title='bbox 381 2545 555 2610; x_wconf 88' lang='lat' dir='ltr'>Alcibiades,</span> <span class='ocrx_word' id='word_1_187' title='bbox 605 2545 768 2614; x_wconf 85' lang='lat' dir='ltr'>hucydides,</span> 
     </span>
     <span class='ocr_line' id='line_1_27' title="bbox 210 2611 768 2680; baseline 0 -14"><span class='ocrx_word' id='word_1_188' title='bbox 210 2611 324 2676; x_wconf 85' lang='lat' dir='ltr'>Critias,</span> <span class='ocrx_word' id='word_1_189' title='bbox 346 2611 547 2678; x_wconf 86' lang='lat' dir='ltr'>Theramenes,</span> <span class='ocrx_word' id='word_1_190' title='bbox 571 2613 688 2680; x_wconf 84' lang='lat' dir='ltr'>Lysias),</span> <span class='ocrx_word' id='word_1_191' title='bbox 715 2615 768 2666; x_wconf 88' lang='lat' dir='ltr'>wie</span> 
     </span>
     <span class='ocr_line' id='line_1_28' title="bbox 209 2678 458 2732; baseline 0 0"><span class='ocrx_word' id='word_1_192' title='bbox 209 2679 272 2732; x_wconf 91' lang='lat' dir='ltr'>hier</span> <span class='ocrx_word' id='word_1_193' title='bbox 288 2678 328 2730; x_wconf 90' lang='lat' dir='ltr'>im</span> <span class='ocrx_word' id='word_1_194' title='bbox 346 2679 458 2732; x_wconf 89' lang='lat' dir='ltr'>Brutus.</span> 
     </span>
    </p>

    <p class='ocr_par' dir='ltr' id='par_1_7' title="bbox 208 2745 770 3285">
     <span class='ocr_line' id='line_1_29' title="bbox 243 2745 769 2816; baseline 0.004 -16"><span class='ocrx_word' id='word_1_195' title='bbox 243 2751 269 2800; x_wconf 89' lang='lat'>8.</span> <span class='ocrx_word' id='word_1_196' title='bbox 292 2745 453 2816; x_wconf 76' lang='lat' dir='ltr'>Ibucpdidc‘</span> <span class='ocrx_word' id='word_1_197' title='bbox 469 2745 603 2800; x_wconf 86' lang='lat' dir='ltr'>Priscian.</span> <span class='ocrx_word' id='word_1_198' title='bbox 623 2745 662 2800; x_wconf 90' lang='lat' dir='ltr'>VI</span> <span class='ocrx_word' id='word_1_199' title='bbox 680 2765 707 2816; x_wconf 89' lang='lat' dir='ltr'>p.</span> <span class='ocrx_word' id='word_1_200' title='bbox 720 2753 769 2802; x_wconf 83' lang='grc'>706</span> 
     </span>
     <span class='ocr_line' id='line_1_30' title="bbox 208 2813 769 2883; baseline 0.005 -17"><span class='ocrx_word' id='word_1_201' title='bbox 208 2814 239 2867; x_wconf 93' lang='grc' dir='ltr'><strong>Ρ.</strong></span> <span class='ocrx_word' id='word_1_202' title='bbox 258 2817 320 2878; x_wconf 91' lang='grc'><strong>(246</strong></span> <span class='ocrx_word' id='word_1_203' title='bbox 331 2813 382 2883; x_wconf 82' lang='lat' dir='ltr'>flg.</span> <span class='ocrx_word' id='word_1_204' title='bbox 400 2813 445 2882; x_wconf 86' lang='grc' dir='ltr'>Η.)</span> <span class='ocrx_word' id='word_1_205' title='bbox 469 2814 499 2867; x_wconf 91' lang='grc'>66</span> <span class='ocrx_word' id='word_1_206' title='bbox 516 2813 671 2878; x_wconf 88' lang='lat' dir='ltr'>sciendum,</span> <span class='ocrx_word' id='word_1_207' title='bbox 694 2815 769 2882; x_wconf 92' lang='lat' dir='ltr'>quod</span> 
     </span>
     <span class='ocr_line' id='line_1_31' title="bbox 209 2881 768 2948; baseline 0.002 -14"><span class='ocrx_word' id='word_1_208' title='bbox 209 2882 239 2934; x_wconf 91' lang='lat' dir='ltr'>in</span> <span class='ocrx_word' id='word_1_209' title='bbox 267 2881 428 2936; x_wconf 89' lang='lat' dir='ltr'>huiusmodi</span> <span class='ocrx_word' id='word_1_210' title='bbox 454 2882 626 2947; x_wconf 91' lang='lat' dir='ltr'>nominibus,</span> <span class='ocrx_word' id='word_1_211' title='bbox 657 2883 768 2948; x_wconf 81' lang='lat' dir='ltr'>quando</span> 
     </span>
     <span class='ocr_line' id='line_1_32' title="bbox 211 2949 770 3018; baseline 0.005 -18"><span class='ocrx_word' id='word_1_212' title='bbox 211 2949 312 3002; x_wconf 87' lang='lat' dir='ltr'>tertiae</span> <span class='ocrx_word' id='word_1_213' title='bbox 332 2949 400 3015; x_wconf 81' lang='lat' dir='ltr'>sint,</span> <span class='ocrx_word' id='word_1_214' title='bbox 418 2949 642 3018; x_wconf 84' lang='lat' dir='ltr'>frequentissime</span> <span class='ocrx_word' id='word_1_215' title='bbox 661 2951 770 3003; x_wconf 87' lang='lat' dir='ltr'>veteres</span> 
     </span>
     <span class='ocr_line' id='line_1_33' title="bbox 211 3017 768 3086; baseline 0.004 -17"><span class='ocrx_word' id='word_1_216' title='bbox 211 3017 337 3070; x_wconf 88' lang='lat' dir='ltr'>dativum</span> <span class='ocrx_word' id='word_1_217' title='bbox 371 3017 517 3085; x_wconf 85' lang='lat' dir='ltr'>proferunt</span> <span class='ocrx_word' id='word_1_218' title='bbox 551 3033 602 3086; x_wconf 89' lang='lat' dir='ltr'>pro</span> <span class='ocrx_word' id='word_1_219' title='bbox 643 3017 768 3084; x_wconf 87' lang='lat' dir='ltr'>genitivo</span> 
     </span>
     <span class='ocr_line' id='line_1_34' title="bbox 210 3082 769 3152; baseline 0.002 -17"><span class='ocrx_word' id='word_1_220' title='bbox 210 3082 371 3147; x_wconf 83' lang='lat' dir='ltr'>Aristoteli,</span> <span class='ocrx_word' id='word_1_221' title='bbox 389 3085 582 3152; x_wconf 86' lang='lat' dir='ltr'>Demostheni,</span> <span class='ocrx_word' id='word_1_222' title='bbox 602 3084 769 3152; x_wconf 82' lang='lat' dir='ltr'>Thucydidi,</span> 
     </span>
     <span class='ocr_line' id='line_1_35' title="bbox 210 3151 770 3220; baseline 0 -16"><span class='ocrx_word' id='word_1_223' title='bbox 210 3151 339 3218; x_wconf 81' lang='lat' dir='ltr'>Euripidi</span> <span class='ocrx_word' id='word_1_224' title='bbox 355 3168 407 3220; x_wconf 87' lang='lat' dir='ltr'>pro</span> <span class='ocrx_word' id='word_1_225' title='bbox 420 3153 579 3207; x_wconf 87' lang='lat' dir='ltr'>Aristotelis</span> <span class='ocrx_word' id='word_1_226' title='bbox 599 3153 650 3206; x_wconf 86' lang='lat' dir='ltr'>eto.</span> <span class='ocrx_word' id='word_1_227' title='bbox 664 3167 770 3220; x_wconf 89' lang='lat' dir='ltr'>ponen-</span> 
     </span>
     <span class='ocr_line' id='line_1_36' title="bbox 211 3218 770 3285; baseline 0.009 -14"><span class='ocrx_word' id='word_1_228' title='bbox 211 3220 261 3272; x_wconf 85' lang='lat' dir='ltr'>tes.</span> <span class='ocrx_word' id='word_1_229' title='bbox 275 3223 334 3285; x_wconf 87' lang='grc'><strong>286,</strong></span> <span class='ocrx_word' id='word_1_230' title='bbox 347 3223 407 3284; x_wconf 90' lang='grc'><strong>288,</strong></span> <span class='ocrx_word' id='word_1_231' title='bbox 420 3225 479 3273; x_wconf 85' lang='grc'><strong>232.</strong></span> <span class='ocrx_word' id='word_1_232' title='bbox 500 3219 535 3273; x_wconf 87' lang='grc'>66</span> <span class='ocrx_word' id='word_1_233' title='bbox 546 3236 584 3276; x_wconf 90' lang='grc'>66.</span> <span class='ocrx_word' id='word_1_234' title='bbox 595 3219 660 3285; x_wconf 87' lang='grc' dir='ltr'><strong>Ι88,</strong></span> <span class='ocrx_word' id='word_1_235' title='bbox 674 3218 701 3271; x_wconf 93' lang='grc' dir='ltr'>ΙΙ</span> <span class='ocrx_word' id='word_1_236' title='bbox 714 3224 770 3277; x_wconf 88' lang='grc'><strong>161.</strong></span> 
     </span>
    </p>

    <p class='ocr_par' dir='ltr' id='par_1_8' title="bbox 209 3286 771 4010">
     <span class='ocr_line' id='line_1_37' title="bbox 244 3286 770 3354; baseline 0 -15"><span class='ocrx_word' id='word_1_237' title='bbox 244 3292 269 3339; x_wconf 85' lang='grc'><strong>9.</strong></span> <span class='ocrx_word' id='word_1_238' title='bbox 288 3286 407 3354; x_wconf 65' lang='lat' dir='ltr'>mandes</span> <span class='ocrx_word' id='word_1_239' title='bbox 422 3288 511 3342; x_wconf 83' lang='lat' dir='ltr'>verbis</span> <span class='ocrx_word' id='word_1_240' title='bbox 529 3293 585 3340; x_wconf 88' lang='grc'><strong>126.</strong></span> <span class='ocrx_word' id='word_1_241' title='bbox 608 3287 695 3341; x_wconf 81' lang='lat' dir='ltr'>crebri</span> <span class='ocrx_word' id='word_1_242' title='bbox 711 3302 770 3339; x_wconf 82' lang='lat' dir='ltr'>sen-</span> 
     </span>
     <span class='ocr_line' id='line_1_38' title="bbox 209 3351 771 3422; baseline 0 -16"><span class='ocrx_word' id='word_1_243' title='bbox 209 3353 305 3406; x_wconf 79' lang='lat' dir='ltr'>tentiis</span> <span class='ocrx_word' id='word_1_244' title='bbox 328 3354 381 3407; x_wconf 84' lang='grc'>616</span> <span class='ocrx_word' id='word_1_245' title='bbox 405 3355 440 3408; x_wconf 89' lang='grc'>66</span> <span class='ocrx_word' id='word_1_246' title='bbox 458 3370 497 3408; x_wconf 88' lang='grc'>66.</span> <span class='ocrx_word' id='word_1_247' title='bbox 515 3354 541 3406; x_wconf 94' lang='lat' dir='ltr'>II</span> <span class='ocrx_word' id='word_1_248' title='bbox 561 3359 593 3408; x_wconf 89' lang='grc'>66</span> <span class='ocrx_word' id='word_1_249' title='bbox 617 3353 665 3422; x_wconf 91' lang='lat' dir='ltr'>qui</span> <span class='ocrx_word' id='word_1_250' title='bbox 686 3351 771 3416; x_wconf 82' lang='lat' dir='ltr'>(Thu-</span> 
     </span>
     <span class='ocr_line' id='line_1_39' title="bbox 210 3419 771 3488; baseline 0.004 -16"><span class='ocrx_word' id='word_1_251' title='bbox 210 3419 335 3488; x_wconf 87' lang='lat' dir='ltr'>cydides)</span> <span class='ocrx_word' id='word_1_252' title='bbox 358 3421 400 3474; x_wconf 88' lang='lat' dir='ltr'>ita</span> <span class='ocrx_word' id='word_1_253' title='bbox 418 3422 514 3475; x_wconf 89' lang='lat' dir='ltr'>creber</span> <span class='ocrx_word' id='word_1_254' title='bbox 537 3422 581 3474; x_wconf 88' lang='lat' dir='ltr'>est</span> <span class='ocrx_word' id='word_1_255' title='bbox 601 3437 696 3474; x_wconf 90' lang='lat' dir='ltr'>rerum</span> <span class='ocrx_word' id='word_1_256' title='bbox 716 3420 771 3474; x_wconf 89' lang='lat' dir='ltr'>fre-</span> 
     </span>
     <span class='ocr_line' id='line_1_40' title="bbox 210 3487 769 3556; baseline 0.004 -17"><span class='ocrx_word' id='word_1_257' title='bbox 210 3487 340 3554; x_wconf 85' lang='lat' dir='ltr'>quentis,</span> <span class='ocrx_word' id='word_1_258' title='bbox 360 3490 392 3541; x_wconf 94' lang='lat' dir='ltr'>ut</span> <span class='ocrx_word' id='word_1_259' title='bbox 403 3489 553 3542; x_wconf 89' lang='lat' dir='ltr'>verborum</span> <span class='ocrx_word' id='word_1_260' title='bbox 566 3504 655 3556; x_wconf 87' lang='lat' dir='ltr'>prope</span> <span class='ocrx_word' id='word_1_261' title='bbox 674 3503 769 3541; x_wconf 85' lang='lat' dir='ltr'>nume-</span> 
     </span>
     <span class='ocr_line' id='line_1_41' title="bbox 210 3555 768 3609; baseline 0.004 -3"><span class='ocrx_word' id='word_1_262' title='bbox 210 3571 273 3606; x_wconf 91' lang='lat' dir='ltr'>rnm</span> <span class='ocrx_word' id='word_1_263' title='bbox 300 3555 501 3609; x_wconf 87' lang='lat' dir='ltr'>sententiarum</span> <span class='ocrx_word' id='word_1_264' title='bbox 526 3571 642 3609; x_wconf 90' lang='lat' dir='ltr'>numero</span> <span class='ocrx_word' id='word_1_265' title='bbox 672 3569 768 3608; x_wconf 85' lang='lat' dir='ltr'>consc-</span> 
     </span>
     <span class='ocr_line' id='line_1_42' title="bbox 211 3622 767 3690; baseline 0.002 -17"><span class='ocrx_word' id='word_1_266' title='bbox 211 3623 323 3686; x_wconf 85' lang='lat' dir='ltr'>quatur.</span> <span class='ocrx_word' id='word_1_267' title='bbox 334 3657 368 3665; x_wconf 96' lang='lat'><em>-</em></span> <span class='ocrx_word' id='word_1_268' title='bbox 386 3623 582 3689; x_wconf 80' lang='lat' dir='ltr'>compressione</span> <span class='ocrx_word' id='word_1_269' title='bbox 598 3638 691 3676; x_wconf 81' lang='lat' dir='ltr'>rerum</span> <span class='ocrx_word' id='word_1_270' title='bbox 709 3622 767 3690; x_wconf 88' lang='lat' dir='ltr'>vgl.</span> 
     </span>
     <span class='ocr_line' id='line_1_43' title="bbox 211 3688 770 3758; baseline 0.002 -17"><span class='ocrx_word' id='word_1_271' title='bbox 211 3688 410 3743; x_wconf 88' lang='lat' dir='ltr'>ebendaselbst</span> <span class='ocrx_word' id='word_1_272' title='bbox 431 3692 473 3742; x_wconf 89' lang='grc'>166</span> <span class='ocrx_word' id='word_1_273' title='bbox 494 3705 577 3758; x_wconf 84' lang='lat' dir='ltr'>porro</span> <span class='ocrx_word' id='word_1_274' title='bbox 604 3689 698 3743; x_wconf 88' lang='lat' dir='ltr'>verbis</span> <span class='ocrx_word' id='word_1_275' title='bbox 726 3689 770 3742; x_wconf 90' lang='grc'>666</span> 
     </span>
     <span class='ocr_line' id='line_1_44' title="bbox 211 3756 768 3824; baseline 0.004 -18"><span class='ocrx_word' id='word_1_276' title='bbox 211 3757 294 3823; x_wconf 85' lang='lat' dir='ltr'>aptus</span> <span class='ocrx_word' id='word_1_277' title='bbox 313 3758 342 3809; x_wconf 89' lang='lat' dir='ltr'>et</span> <span class='ocrx_word' id='word_1_278' title='bbox 356 3772 477 3824; x_wconf 79' lang='lat' dir='ltr'>pressus,</span> <span class='ocrx_word' id='word_1_279' title='bbox 494 3759 526 3809; x_wconf 90' lang='grc'>66</span> <span class='ocrx_word' id='word_1_280' title='bbox 537 3756 654 3819; x_wconf 88' lang='lat' dir='ltr'>nescias,</span> <span class='ocrx_word' id='word_1_281' title='bbox 673 3757 768 3808; x_wconf 89' lang='lat' dir='ltr'>utrum</span> 
     </span>
     <span class='ocr_line' id='line_1_45' title="bbox 210 3823 768 3878; baseline 0.004 -4"><span class='ocrx_word' id='word_1_282' title='bbox 210 3838 255 3875; x_wconf 90' lang='grc'>666</span> <span class='ocrx_word' id='word_1_283' title='bbox 273 3824 400 3877; x_wconf 85' lang='grc'><strong>66661666</strong></span> <span class='ocrx_word' id='word_1_284' title='bbox 418 3840 454 3878; x_wconf 89' lang='grc'>66</span> <span class='ocrx_word' id='word_1_285' title='bbox 466 3823 555 3877; x_wconf 86' lang='lat' dir='ltr'>verba</span> <span class='ocrx_word' id='word_1_286' title='bbox 569 3823 714 3877; x_wconf 85' lang='lat' dir='ltr'>sententiis</span> <span class='ocrx_word' id='word_1_287' title='bbox 726 3823 768 3876; x_wconf 94' lang='lat' dir='ltr'>in·</span> 
     </span>
     <span class='ocr_line' id='line_1_46' title="bbox 210 3889 769 4010; baseline 0.004 -68"><span class='ocrx_word' id='word_1_288' title='bbox 210 3889 372 4010; x_wconf 48' lang='lat' dir='ltr'>ppstrentur.</span> <span class='ocrx_word' id='word_1_289' title='bbox 400 3898 444 3957; x_wconf 83' lang='grc'>36,</span> <span class='ocrx_word' id='word_1_290' title='bbox 462 3896 503 3956; x_wconf 86' lang='grc'>61,</span> <span class='ocrx_word' id='word_1_291' title='bbox 515 3896 577 3956; x_wconf 73' lang='grc'><strong>262)</strong></span> <span class='ocrx_word' id='word_1_292' title='bbox 597 3890 642 3948; x_wconf 87' lang='lat' dir='ltr'>Or.</span> <span class='ocrx_word' id='word_1_293' title='bbox 661 3897 703 3945; x_wconf 90' lang='grc'><strong>20.</strong></span> <span class='ocrx_word' id='word_1_294' title='bbox 722 3889 769 3944; x_wconf 84' lang='lat' dir='ltr'>fin.</span> 
     </span>
    </p>

    <p class='ocr_par' dir='ltr' id='par_1_9' title="bbox 208 4012 771 4280">
     <span class='ocr_line' id='line_1_47' title="bbox 243 4012 771 4094; baseline 0.002 -17"><span class='ocrx_word' id='word_1_295' title='bbox 243 4023 284 4078; x_wconf 83' lang='lat' dir='ltr'>Es</span> <span class='ocrx_word' id='word_1_296' title='bbox 313 4025 404 4092; x_wconf 88' lang='lat' dir='ltr'>folgt</span> <span class='ocrx_word' id='word_1_297' title='bbox 427 4029 453 4094; x_wconf 94' lang='grc'>2)</span> <span class='ocrx_word' id='word_1_298' title='bbox 475 4024 529 4079; x_wconf 88' lang='grc'>616</span> <span class='ocrx_word' id='word_1_299' title='bbox 552 4012 771 4094; x_wconf 74' lang='lat' dir='ltr'>llbergangs-</span> 
     </span>
     <span class='ocr_line' id='line_1_48' title="bbox 208 4091 769 4161; baseline 0 -15"><span class='ocrx_word' id='word_1_300' title='bbox 208 4092 353 4160; x_wconf 86' lang='lat' dir='ltr'>periode</span> <span class='ocrx_word' id='word_1_301' title='bbox 372 4093 431 4146; x_wconf 90' lang='lat' dir='ltr'>der</span> <span class='ocrx_word' id='word_1_302' title='bbox 448 4091 692 4161; x_wconf 85' lang='lat' dir='ltr'>griechischen</span> <span class='ocrx_word' id='word_1_303' title='bbox 710 4093 769 4146; x_wconf 82' lang='lat' dir='ltr'>So·</span> 
     </span>
     <span class='ocr_line' id='line_1_49' title="bbox 208 4159 769 4280; baseline 0.002 -67"><span class='ocrx_word' id='word_1_304' title='bbox 208 4159 349 4280; x_wconf 72' lang='lat' dir='ltr'>phisten</span> <span class='ocrx_word' id='word_1_305' title='bbox 385 4161 451 4214; x_wconf 88' lang='lat' dir='ltr'>und</span> <span class='ocrx_word' id='word_1_306' title='bbox 484 4160 579 4214; x_wconf 89' lang='lat' dir='ltr'>ihres</span> <span class='ocrx_word' id='word_1_307' title='bbox 614 4159 769 4229; x_wconf 81' lang='lat' dir='ltr'>Gegners</span> 
     </span>
    </p>

    <p class='ocr_par' dir='ltr' id='par_1_10' title="bbox 235 4227 511 4284">
     <span class='ocr_line' id='line_1_50' title="bbox 235 4227 511 4284; baseline 0.014 -4"><span class='ocrx_word' id='word_1_308' title='bbox 235 4227 374 4282; x_wconf 88' lang='lat' dir='ltr'>okrates</span> <span class='ocrx_word' id='word_1_309' title='bbox 393 4235 511 4284; x_wconf 87' lang='grc'><strong>30-32.</strong></span> 
     </span>
    </p>

    <p class='ocr_par' dir='ltr' id='par_1_11' title="bbox 244 4293 768 4365">
     <span class='ocr_line' id='line_1_51' title="bbox 244 4293 768 4365; baseline 0.002 -18"><span class='ocrx_word' id='word_1_310' title='bbox 244 4301 283 4349; x_wconf 83' lang='grc'>12.</span> <span class='ocrx_word' id='word_1_311' title='bbox 313 4294 391 4361; x_wconf 75' lang='lat' dir='ltr'>facto</span> <span class='ocrx_word' id='word_1_312' title='bbox 413 4296 593 4365; x_wconf 74' lang='grc' dir='ltr'><em>πεποιημένη</em></span> <span class='ocrx_word' id='word_1_313' title='bbox 617 4293 693 4362; x_wconf 75' lang='grc' dir='ltr'><strong>λέξις</strong></span> <span class='ocrx_word' id='word_1_314' title='bbox 716 4295 768 4349; x_wconf 91' lang='lat' dir='ltr'>mit</span> 
     </span>
    </p>
   </div>
   <div class='ocr_carea' id='block_1_7' title="bbox 819 1939 1383 2010">
    <p class='ocr_par' dir='ltr' id='par_1_12' title="bbox 819 1935 1491 2020">
     <span class='ocr_line' id='line_1_52' title="bbox 819 1939 1383 2010; baseline -0.001 -18"><span class='ocrx_word' id='word_1_315' title='bbox 819 1939 922 2007; x_wconf 73' lang='lat' dir='ltr'>malsig</span> <span class='ocrx_word' id='word_1_316' title='bbox 943 1939 1083 2007; x_wconf 86' lang='lat' dir='ltr'>gebildet,</span> <span class='ocrx_word' id='word_1_317' title='bbox 1105 1941 1145 1992; x_wconf 92' lang='lat' dir='ltr'>im</span> <span class='ocrx_word' id='word_1_318' title='bbox 1167 1939 1324 2010; x_wconf 81' lang='lat' dir='ltr'>Gegensata</span> <span class='ocrx_word' id='word_1_319' title='bbox 1348 1957 1383 1993; x_wconf 84' lang='lat' dir='ltr'>zu</span> 
     </span>
    </p>
   </div>
   <div class='ocr_carea' id='block_1_8' title="bbox 818 2007 1385 4366">
    <p class='ocr_par' dir='ltr' id='par_1_13' title="bbox 818 2007 1384 2816">
     <span class='ocr_line' id='line_1_53' title="bbox 820 2007 1382 2077; baseline 0.004 -18"><span class='ocrx_word' id='word_1_320' title='bbox 820 2008 871 2060; x_wconf 91' lang='lat' dir='ltr'>der</span> <span class='ocrx_word' id='word_1_321' title='bbox 888 2007 968 2060; x_wconf 89' lang='lat' dir='ltr'>mehr</span> <span class='ocrx_word' id='word_1_322' title='bbox 980 2007 1226 2077; x_wconf 85' lang='lat' dir='ltr'>naturwliohsigsn</span> <span class='ocrx_word' id='word_1_323' title='bbox 1239 2009 1327 2073; x_wconf 82' lang='grc'><strong>16666,</strong></span> <span class='ocrx_word' id='word_1_324' title='bbox 1348 2011 1382 2061; x_wconf 91' lang='grc'>66</span> 
     </span>
     <span class='ocr_line' id='line_1_54' title="bbox 821 2073 1383 2145; baseline 0.005 -19"><span class='ocrx_word' id='word_1_325' title='bbox 821 2088 860 2127; x_wconf 90' lang='grc'>66.</span> <span class='ocrx_word' id='word_1_326' title='bbox 887 2073 929 2126; x_wconf 93' lang='lat' dir='ltr'>III</span> <span class='ocrx_word' id='word_1_327' title='bbox 957 2080 1006 2129; x_wconf 90' lang='grc'>184</span> <span class='ocrx_word' id='word_1_328' title='bbox 1033 2076 1147 2141; x_wconf 88' lang='grc'><strong>(666616)</strong></span> <span class='ocrx_word' id='word_1_329' title='bbox 1173 2076 1266 2145; x_wconf 85' lang='lat' dir='ltr'>polita</span> <span class='ocrx_word' id='word_1_330' title='bbox 1295 2077 1383 2144; x_wconf 84' lang='lat' dir='ltr'>atquc</span> 
     </span>
     <span class='ocr_line' id='line_1_55' title="bbox 819 2139 1384 2211; baseline 0.007 -19"><span class='ocrx_word' id='word_1_331' title='bbox 819 2139 896 2196; x_wconf 84' lang='lat' dir='ltr'>facta</span> <span class='ocrx_word' id='word_1_332' title='bbox 917 2143 1040 2208; x_wconf 88' lang='lat' dir='ltr'>quodam</span> <span class='ocrx_word' id='word_1_333' title='bbox 1062 2143 1154 2196; x_wconf 91' lang='lat' dir='ltr'>modo.</span> <span class='ocrx_word' id='word_1_334' title='bbox 1183 2145 1247 2198; x_wconf 85' lang='grc'>163</span> <span class='ocrx_word' id='word_1_335' title='bbox 1265 2143 1384 2211; x_wconf 90' lang='lat' dir='ltr'>ignarus</span> 
     </span>
     <span class='ocr_line' id='line_1_56' title="bbox 819 2209 1381 2279; baseline 0.005 -19"><span class='ocrx_word' id='word_1_336' title='bbox 819 2209 968 2262; x_wconf 82' lang='lat' dir='ltr'>faciundae</span> <span class='ocrx_word' id='word_1_337' title='bbox 998 2226 1032 2265; x_wconf 89' lang='lat' dir='ltr'>ac</span> <span class='ocrx_word' id='word_1_338' title='bbox 1057 2210 1206 2279; x_wconf 87' lang='lat' dir='ltr'>poliendae</span> <span class='ocrx_word' id='word_1_339' title='bbox 1238 2210 1381 2266; x_wconf 84' lang='lat' dir='ltr'>orationis.</span> 
     </span>
     <span class='ocr_line' id='line_1_57' title="bbox 820 2276 1381 2332; baseline 0.002 -1"><span class='ocrx_word' id='word_1_340' title='bbox 820 2276 905 2331; x_wconf 78' lang='lat'>1136.</span> <span class='ocrx_word' id='word_1_341' title='bbox 941 2276 986 2331; x_wconf 90' lang='lat' dir='ltr'>Or.</span> <span class='ocrx_word' id='word_1_342' title='bbox 1008 2278 1209 2332; x_wconf 83' lang='grc' dir='ltr'><strong>17266661οηί6</strong></span> <span class='ocrx_word' id='word_1_343' title='bbox 1233 2278 1381 2332; x_wconf 87' lang='lat' dir='ltr'>faciendae</span> 
     </span>
     <span class='ocr_line' id='line_1_58' title="bbox 821 2345 1382 2400; baseline 0.004 -4"><span class='ocrx_word' id='word_1_344' title='bbox 821 2346 850 2397; x_wconf 94' lang='lat' dir='ltr'>et</span> <span class='ocrx_word' id='word_1_345' title='bbox 862 2346 1004 2398; x_wconf 84' lang='lat' dir='ltr'>ornandae</span> <span class='ocrx_word' id='word_1_346' title='bbox 1019 2347 1156 2400; x_wconf 85' lang='lat' dir='ltr'>auctores.</span> <span class='ocrx_word' id='word_1_347' title='bbox 1187 2345 1224 2399; x_wconf 85' lang='lat' dir='ltr'>ad</span> <span class='ocrx_word' id='word_1_348' title='bbox 1236 2345 1382 2400; x_wconf 77' lang='grc' dir='ltr'><strong>Η66.1147</strong></span> 
     </span>
     <span class='ocr_line' id='line_1_59' title="bbox 819 2411 1382 2482; baseline 0 -17"><span class='ocrx_word' id='word_1_349' title='bbox 819 2412 897 2465; x_wconf 85' lang='lat' dir='ltr'>facta</span> <span class='ocrx_word' id='word_1_350' title='bbox 919 2411 994 2465; x_wconf 91' lang='lat' dir='ltr'>enim</span> <span class='ocrx_word' id='word_1_351' title='bbox 1022 2414 1051 2466; x_wconf 89' lang='grc'>66</span> <span class='ocrx_word' id='word_1_352' title='bbox 1074 2413 1173 2466; x_wconf 87' lang='lat' dir='ltr'>dedita</span> <span class='ocrx_word' id='word_1_353' title='bbox 1195 2429 1282 2482; x_wconf 87' lang='lat' dir='ltr'>opera</span> <span class='ocrx_word' id='word_1_354' title='bbox 1304 2429 1382 2467; x_wconf 88' lang='lat' dir='ltr'>eom-</span> 
     </span>
     <span class='ocr_line' id='line_1_60' title="bbox 818 2479 1384 2546; baseline 0.002 -13"><span class='ocrx_word' id='word_1_355' title='bbox 818 2480 921 2546; x_wconf 85' lang='lat' dir='ltr'>parata</span> <span class='ocrx_word' id='word_1_356' title='bbox 945 2479 1035 2533; x_wconf 87' lang='lat' dir='ltr'>oratio</span> <span class='ocrx_word' id='word_1_357' title='bbox 1057 2479 1201 2535; x_wconf 86' lang='lat' dir='ltr'>videbitur</span> <span class='ocrx_word' id='word_1_358' title='bbox 1227 2496 1288 2534; x_wconf 87' lang='lat' dir='ltr'>esse</span> <span class='ocrx_word' id='word_1_359' title='bbox 1316 2480 1384 2534; x_wconf 88' lang='lat' dir='ltr'>arti·</span> 
     </span>
     <span class='ocr_line' id='line_1_61' title="bbox 819 2546 1369 2666; baseline 0.005 -67"><span class='ocrx_word' id='word_1_360' title='bbox 819 2546 876 2599; x_wconf 84' lang='lat' dir='ltr'>ficii</span> <span class='ocrx_word' id='word_1_361' title='bbox 894 2546 1078 2666; x_wconf 54' lang='lat' dir='ltr'>significandi.</span> <span class='ocrx_word' id='word_1_362' title='bbox 1362 2615 1369 2626; x_wconf 93' lang='lat'>.</span> 
     </span>
     <span class='ocr_line' id='line_1_62' title="bbox 819 2615 1382 2804; baseline 0.002 -70"><span class='ocrx_word' id='word_1_363' title='bbox 819 2615 1382 2804; x_wconf 45' lang='lat' dir='ltr'>prlsliigugnipz&#39;p&#39;iidizebffbiiiiiffsdbbi]</span> 
     </span>
     <span class='ocr_line' id='line_1_63' title="bbox 914 2788 998 2816; baseline 0 -14"><span class='ocrx_word' id='word_1_364' title='bbox 914 2791 921 2816; x_wconf 96' lang='lat'>,</span> <span class='ocrx_word' id='word_1_365' title='bbox 991 2788 998 2802; x_wconf 90' lang='lat'>.</span> 
     </span>
    </p>

    <p class='ocr_par' dir='ltr' id='par_1_14' title="bbox 856 2815 1298 2872">
     <span class='ocr_line' id='line_1_64' title="bbox 856 2815 1298 2872; baseline 0.005 -4"><span class='ocrx_word' id='word_1_366' title='bbox 856 2821 896 2872; x_wconf 88' lang='lat'>13.</span> <span class='ocrx_word' id='word_1_367' title='bbox 921 2817 1012 2870; x_wconf 81' lang='lat' dir='ltr'>subito</span> <span class='ocrx_word' id='word_1_368' title='bbox 1030 2816 1094 2869; x_wconf 75' lang='lat' dir='ltr'>‘mit</span> <span class='ocrx_word' id='word_1_369' title='bbox 1111 2815 1298 2871; x_wconf 82' lang='lat' dir='ltr'>einammale’.</span> 
     </span>
    </p>

    <p class='ocr_par' dir='ltr' id='par_1_15' title="bbox 820 2883 1381 3085">
     <span class='ocr_line' id='line_1_65' title="bbox 854 2883 1380 2952; baseline -0.002 -15"><span class='ocrx_word' id='word_1_370' title='bbox 854 2888 913 2937; x_wconf 83' lang='lat' dir='ltr'>tum</span> <span class='ocrx_word' id='word_1_371' title='bbox 930 2885 967 2937; x_wconf 89' lang='lat' dir='ltr'>ist</span> <span class='ocrx_word' id='word_1_372' title='bbox 979 2883 1021 2936; x_wconf 91' lang='lat' dir='ltr'>als</span> <span class='ocrx_word' id='word_1_373' title='bbox 1034 2884 1238 2952; x_wconf 87' lang='lat' dir='ltr'>anaphorische</span> <span class='ocrx_word' id='word_1_374' title='bbox 1254 2884 1380 2938; x_wconf 88' lang='lat' dir='ltr'>Wieder-</span> 
     </span>
     <span class='ocr_line' id='line_1_66' title="bbox 820 2950 1381 3019; baseline 0.002 -16"><span class='ocrx_word' id='word_1_375' title='bbox 820 2950 929 3019; x_wconf 81' lang='lat' dir='ltr'>holong</span> <span class='ocrx_word' id='word_1_376' title='bbox 958 2951 1008 3005; x_wconf 88' lang='lat' dir='ltr'>des</span> <span class='ocrx_word' id='word_1_377' title='bbox 1037 2951 1289 3019; x_wconf 86' lang='lat' dir='ltr'>voransgehenden</span> <span class='ocrx_word' id='word_1_378' title='bbox 1319 2953 1381 3005; x_wconf 90' lang='lat' dir='ltr'>tum</span> 
     </span>
     <span class='ocr_line' id='line_1_67' title="bbox 821 3018 1170 3085; baseline 0 -13"><span class='ocrx_word' id='word_1_379' title='bbox 821 3034 892 3085; x_wconf 86' lang='lat' dir='ltr'>gana</span> <span class='ocrx_word' id='word_1_380' title='bbox 910 3035 946 3072; x_wconf 89' lang='lat' dir='ltr'>an</span> <span class='ocrx_word' id='word_1_381' title='bbox 964 3020 1054 3072; x_wconf 88' lang='lat' dir='ltr'>seiner</span> <span class='ocrx_word' id='word_1_382' title='bbox 1072 3018 1170 3072; x_wconf 83' lang='grc'><strong>866116.</strong></span> 
     </span>
    </p>

    <p class='ocr_par' dir='ltr' id='par_1_16' title="bbox 820 3085 1385 3544">
     <span class='ocr_line' id='line_1_68' title="bbox 856 3085 1382 3152; baseline 0.004 -14"><span class='ocrx_word' id='word_1_383' title='bbox 856 3091 896 3142; x_wconf 88' lang='grc'>16.</span> <span class='ocrx_word' id='word_1_384' title='bbox 913 3087 945 3138; x_wconf 79' lang='lat' dir='ltr'>in</span> <span class='ocrx_word' id='word_1_385' title='bbox 962 3085 1063 3139; x_wconf 80' lang='lat' dir='ltr'>bonore</span> <span class='ocrx_word' id='word_1_386' title='bbox 1079 3085 1137 3152; x_wconf 75' lang='lat' dir='ltr'>facit</span> <span class='ocrx_word' id='word_1_387' title='bbox 1158 3115 1189 3126; x_wconf 88' lang='lat'>-</span> <span class='ocrx_word' id='word_1_388' title='bbox 1207 3086 1304 3140; x_wconf 88' lang='lat' dir='ltr'>womit</span> <span class='ocrx_word' id='word_1_389' title='bbox 1323 3085 1382 3141; x_wconf 84' lang='lat' dir='ltr'>Cic.</span> 
     </span>
     <span class='ocr_line' id='line_1_69' title="bbox 822 3151 1383 3222; baseline 0.005 -18"><span class='ocrx_word' id='word_1_390' title='bbox 822 3151 867 3205; x_wconf 89' lang='lat' dir='ltr'>dis</span> <span class='ocrx_word' id='word_1_391' title='bbox 897 3153 1109 3220; x_wconf 85' lang='lat' dir='ltr'>vorgenannten</span> <span class='ocrx_word' id='word_1_392' title='bbox 1136 3152 1263 3222; x_wconf 88' lang='lat' dir='ltr'>Hauptre</span> <span class='ocrx_word' id='word_1_393' title='bbox 1285 3157 1383 3207; x_wconf 79' lang='grc'><strong>66666-</strong></span> 
     </span>
     <span class='ocr_line' id='line_1_70' title="bbox 821 3217 1383 3276; baseline 0.009 -5"><span class='ocrx_word' id='word_1_394' title='bbox 821 3219 920 3272; x_wconf 87' lang='lat' dir='ltr'>tanten</span> <span class='ocrx_word' id='word_1_395' title='bbox 939 3217 1037 3273; x_wconf 84' lang='grc'><strong>66686</strong></span> <span class='ocrx_word' id='word_1_396' title='bbox 1058 3219 1146 3272; x_wconf 78' lang='lat' dir='ltr'>histilr</span> <span class='ocrx_word' id='word_1_397' title='bbox 1165 3221 1271 3274; x_wconf 88' lang='grc'><strong>616666</strong></span> <span class='ocrx_word' id='word_1_398' title='bbox 1307 3223 1383 3276; x_wconf 87' lang='lat' dir='ltr'>trotz</span> 
     </span>
     <span class='ocr_line' id='line_1_71' title="bbox 822 3237 1384 3364; baseline 0.007 -26"><span class='ocrx_word' id='word_1_399' title='bbox 822 3285 873 3339; x_wconf 90' lang='grc'>666</span> <span class='ocrx_word' id='word_1_400' title='bbox 890 3286 1019 3354; x_wconf 91' lang='lat' dir='ltr'>gleichen</span> <span class='ocrx_word' id='word_1_401' title='bbox 1037 3237 1197 3364; x_wconf 70' lang='lat' dir='ltr'>Principien</span> <span class='ocrx_word' id='word_1_402' title='bbox 1215 3290 1299 3341; x_wconf 89' lang='lat' dir='ltr'>unter</span> <span class='ocrx_word' id='word_1_403' title='bbox 1318 3289 1384 3342; x_wconf 87' lang='lat' dir='ltr'>dem</span> 
     </span>
     <span class='ocr_line' id='line_1_72' title="bbox 822 3355 1384 3420; baseline 0.011 -16"><span class='ocrx_word' id='word_1_404' title='bbox 822 3358 975 3420; x_wconf 86' lang='lat' dir='ltr'>proventus</span> <span class='ocrx_word' id='word_1_405' title='bbox 1010 3370 1040 3408; x_wconf 89' lang='lat' dir='ltr'>so</span> <span class='ocrx_word' id='word_1_406' title='bbox 1061 3355 1196 3408; x_wconf 84' lang='lat' dir='ltr'>hrstarnm</span> <span class='ocrx_word' id='word_1_407' title='bbox 1231 3355 1384 3410; x_wconf 78' lang='grc'><strong>166666666-</strong></span> 
     </span>
     <span class='ocr_line' id='line_1_73' title="bbox 820 3371 1385 3544; baseline 0.007 -4"><span class='ocrx_word' id='word_1_408' title='bbox 820 3371 1385 3544; x_wconf 57' lang='grc'><strong>6663661626.666</strong></span> 
     </span>
    </p>

    <p class='ocr_par' dir='ltr' id='par_1_17' title="bbox 818 3507 1385 3893">
     <span class='ocr_line' id='line_1_74' title="bbox 947 3507 1385 3544; baseline 0.009 -4"><span class='ocrx_word' id='word_1_409' title='bbox 947 3526 953 3540; x_wconf 93' lang='grc'><strong>.</strong></span> <span class='ocrx_word' id='word_1_410' title='bbox 1075 3507 1132 3543; x_wconf 92' lang='lat' dir='ltr'>1n.</span> <span class='ocrx_word' id='word_1_411' title='bbox 1164 3508 1191 3543; x_wconf 86' lang='grc' dir='ltr'>ιιι</span> <span class='ocrx_word' id='word_1_412' title='bbox 1243 3507 1385 3544; x_wconf 87' lang='grc'><strong>66666</strong></span> 
     </span>
     <span class='ocr_line' id='line_1_75' title="bbox 820 3507 1384 3624; baseline 0.007 -18"><span class='ocrx_word' id='word_1_413' title='bbox 820 3552 1014 3609; x_wconf 85' lang='lat' dir='ltr'>Auffallendes</span> <span class='ocrx_word' id='word_1_414' title='bbox 1033 3561 1075 3620; x_wconf 87' lang='grc'>42,</span> <span class='ocrx_word' id='word_1_415' title='bbox 1092 3507 1126 3610; x_wconf 56' lang='lat' dir='ltr'>db</span> <span class='ocrx_word' id='word_1_416' title='bbox 1147 3558 1270 3611; x_wconf 80' lang='lat' dir='ltr'>or.1153</span> <span class='ocrx_word' id='word_1_417' title='bbox 1288 3559 1384 3624; x_wconf 83' lang='lat' dir='ltr'>qualis</span> 
     </span>
     <span class='ocr_line' id='line_1_76' title="bbox 820 3621 1383 3703; baseline 0.009 -30"><span class='ocrx_word' id='word_1_418' title='bbox 820 3621 896 3690; x_wconf 89' lang='lat' dir='ltr'>apud</span> <span class='ocrx_word' id='word_1_419' title='bbox 914 3621 1036 3700; x_wconf 81' lang='lat' dir='ltr'>Graecos</span> <span class='ocrx_word' id='word_1_420' title='bbox 1050 3623 1235 3703; x_wconf 82' lang='lat' dir='ltr'>Pherecydes,</span> <span class='ocrx_word' id='word_1_421' title='bbox 1254 3623 1383 3680; x_wconf 89' lang='lat' dir='ltr'>Hellani-</span> 
     </span>
     <span class='ocr_line' id='line_1_77' title="bbox 820 3691 1384 3758; baseline 0.007 -16"><span class='ocrx_word' id='word_1_422' title='bbox 820 3705 876 3756; x_wconf 89' lang='lat' dir='ltr'>cus,</span> <span class='ocrx_word' id='word_1_423' title='bbox 895 3691 1022 3744; x_wconf 81' lang='lat' dir='ltr'>Acusilas</span> <span class='ocrx_word' id='word_1_424' title='bbox 1040 3691 1096 3745; x_wconf 84' lang='grc'><strong>1666</strong></span> <span class='ocrx_word' id='word_1_425' title='bbox 1119 3692 1223 3758; x_wconf 81' lang='lat' dir='ltr'>aliique</span> <span class='ocrx_word' id='word_1_426' title='bbox 1268 3693 1384 3746; x_wconf 86' lang='grc'><strong>66666161</strong></span> 
     </span>
     <span class='ocr_line' id='line_1_78' title="bbox 820 3709 1384 3828; baseline 0.009 -19"><span class='ocrx_word' id='word_1_427' title='bbox 820 3758 873 3814; x_wconf 87' lang='grc'><strong>666.</strong></span> <span class='ocrx_word' id='word_1_428' title='bbox 903 3757 970 3812; x_wconf 91' lang='lat' dir='ltr'>ibid.</span> <span class='ocrx_word' id='word_1_429' title='bbox 993 3757 1020 3811; x_wconf 94' lang='lat' dir='ltr'>Il</span> <span class='ocrx_word' id='word_1_430' title='bbox 1038 3764 1080 3812; x_wconf 79' lang='grc'>67.</span> <span class='ocrx_word' id='word_1_431' title='bbox 1104 3759 1139 3813; x_wconf 91' lang='grc'>66</span> <span class='ocrx_word' id='word_1_432' title='bbox 1163 3759 1218 3813; x_wconf 88' lang='lat' dir='ltr'>div.</span> <span class='ocrx_word' id='word_1_433' title='bbox 1242 3709 1318 3814; x_wconf 68' lang='lat' dir='ltr'>Ip84.</span> <span class='ocrx_word' id='word_1_434' title='bbox 1354 3778 1384 3828; x_wconf 87' lang='lat' dir='ltr'>p.</span> 
     </span>
     <span class='ocr_line' id='line_1_79' title="bbox 818 3823 1287 3893; baseline 0.009 -16"><span class='ocrx_word' id='word_1_435' title='bbox 818 3823 889 3877; x_wconf 88' lang='lat' dir='ltr'>Mur.</span> <span class='ocrx_word' id='word_1_436' title='bbox 911 3831 950 3879; x_wconf 85' lang='grc'>16.</span> <span class='ocrx_word' id='word_1_437' title='bbox 969 3824 1083 3879; x_wconf 80' lang='lat' dir='ltr'>Schultz</span> <span class='ocrx_word' id='word_1_438' title='bbox 1101 3828 1116 3886; x_wconf 73' lang='grc'>6</span> <span class='ocrx_word' id='word_1_439' title='bbox 1135 3833 1195 3893; x_wconf 88' lang='grc'><strong>242,</strong></span> <span class='ocrx_word' id='word_1_440' title='bbox 1213 3828 1247 3880; x_wconf 91' lang='lat' dir='ltr'>A.</span> <span class='ocrx_word' id='word_1_441' title='bbox 1263 3834 1287 3885; x_wconf 89' lang='lat'>1.</span> 
     </span>
    </p>

    <p class='ocr_par' dir='ltr' id='par_1_18' title="bbox 820 3893 1384 4096">
     <span class='ocr_line' id='line_1_80' title="bbox 857 3893 1383 3961; baseline 0.004 -17"><span class='ocrx_word' id='word_1_442' title='bbox 857 3897 895 3947; x_wconf 93' lang='grc'>16.</span> <span class='ocrx_word' id='word_1_443' title='bbox 904 3893 1108 3961; x_wconf 76' lang='lat' dir='ltr'>profitebantur</span> <span class='ocrx_word' id='word_1_444' title='bbox 1120 3894 1170 3948; x_wconf 92' lang='lat' dir='ltr'>das</span> <span class='ocrx_word' id='word_1_445' title='bbox 1183 3895 1296 3948; x_wconf 89' lang='lat' dir='ltr'>solenne</span> <span class='ocrx_word' id='word_1_446' title='bbox 1308 3894 1383 3948; x_wconf 88' lang='lat' dir='ltr'>Ver-</span> 
     </span>
     <span class='ocr_line' id='line_1_81' title="bbox 820 3958 1384 4031; baseline 0.009 -21"><span class='ocrx_word' id='word_1_447' title='bbox 820 3958 902 4024; x_wconf 90' lang='lat' dir='ltr'>bum,</span> <span class='ocrx_word' id='word_1_448' title='bbox 928 3958 992 4014; x_wconf 91' lang='lat' dir='ltr'>dem</span> <span class='ocrx_word' id='word_1_449' title='bbox 1038 3961 1124 4015; x_wconf 82' lang='lat' dir='ltr'>riech.</span> <span class='ocrx_word' id='word_1_450' title='bbox 1151 3959 1384 4031; x_wconf 75' lang='grc' dir='ltr'>ἐπαγγέλλεσθαι</span> 
     </span>
     <span class='ocr_line' id='line_1_82' title="bbox 821 4027 1084 4096; baseline 0.015 -18"><span class='ocrx_word' id='word_1_451' title='bbox 821 4027 1004 4096; x_wconf 83' lang='lat' dir='ltr'>anteprechen</span> <span class='ocrx_word' id='word_1_452' title='bbox 1043 4035 1084 4084; x_wconf 82' lang='grc'><strong>48.</strong></span> 
     </span>
    </p>

    <p class='ocr_par' dir='ltr' id='par_1_19' title="bbox 819 4094 1384 4366">
     <span class='ocr_line' id='line_1_83' title="bbox 854 4094 1382 4162; baseline 0 -14"><span class='ocrx_word' id='word_1_453' title='bbox 854 4095 1081 4162; x_wconf 78' lang='lat' dir='ltr'>quemadmodum</span> <span class='ocrx_word' id='word_1_454' title='bbox 1110 4098 1163 4150; x_wconf 87' lang='lat' dir='ltr'>etc.</span> <span class='ocrx_word' id='word_1_455' title='bbox 1189 4126 1222 4136; x_wconf 91' lang='lat'>—</span> <span class='ocrx_word' id='word_1_456' title='bbox 1253 4095 1303 4148; x_wconf 87' lang='lat' dir='ltr'>das</span> <span class='ocrx_word' id='word_1_457' title='bbox 1332 4094 1382 4149; x_wconf 87' lang='lat' dir='ltr'>be-</span> 
     </span>
     <span class='ocr_line' id='line_1_84' title="bbox 819 4160 1384 4244; baseline 0.005 -31"><span class='ocrx_word' id='word_1_458' title='bbox 819 4161 925 4244; x_wconf 75' lang='grc'><strong>1666666</strong></span> <span class='ocrx_word' id='word_1_459' title='bbox 948 4160 1112 4232; x_wconf 73' lang='grc' dir='ltr'><em>ἐπάγγελμα</em></span> <span class='ocrx_word' id='word_1_460' title='bbox 1139 4165 1188 4217; x_wconf 85' lang='lat' dir='ltr'>des</span> <span class='ocrx_word' id='word_1_461' title='bbox 1210 4163 1384 4231; x_wconf 86' lang='lat' dir='ltr'>Protagoras</span> 
     </span>
     <span class='ocr_line' id='line_1_85' title="bbox 819 4225 1383 4298; baseline 0.002 -17"><span class='ocrx_word' id='word_1_462' title='bbox 819 4247 869 4282; x_wconf 81' lang='grc' dir='ltr'>τον</span> <span class='ocrx_word' id='word_1_463' title='bbox 899 4225 974 4298; x_wconf 83' lang='grc' dir='ltr'><strong><em>ἥττω</em></strong></span> <span class='ocrx_word' id='word_1_464' title='bbox 1010 4227 1042 4284; x_wconf 81' lang='lat' dir='ltr'>lo&#39;</span> <span class='ocrx_word' id='word_1_465' title='bbox 1062 4251 1094 4285; x_wconf 79' lang='grc'>66</span> <span class='ocrx_word' id='word_1_466' title='bbox 1130 4252 1146 4285; x_wconf 83' lang='lat' dir='ltr'>u</span> <span class='ocrx_word' id='word_1_467' title='bbox 1168 4233 1249 4286; x_wconf 81' lang='grc' dir='ltr'><strong><em>είττω</em></strong></span> <span class='ocrx_word' id='word_1_468' title='bbox 1283 4235 1383 4284; x_wconf 81' lang='grc' dir='ltr'><strong>ποιεῖν</strong></span> 
     </span>
     <span class='ocr_line' id='line_1_86' title="bbox 819 4252 1383 4366; baseline 0.004 -18"><span class='ocrx_word' id='word_1_469' title='bbox 819 4296 913 4364; x_wconf 85' lang='lat' dir='ltr'>(Arist.</span> <span class='ocrx_word' id='word_1_470' title='bbox 926 4297 1004 4354; x_wconf 83' lang='lat' dir='ltr'>rhet.</span> <span class='ocrx_word' id='word_1_471' title='bbox 1065 4301 1123 4366; x_wconf 90' lang='grc'><strong>24),</strong></span> <span class='ocrx_word' id='word_1_472' title='bbox 1145 4252 1195 4352; x_wconf 83' lang='lat' dir='ltr'>das</span> <span class='ocrx_word' id='word_1_473' title='bbox 1214 4298 1289 4352; x_wconf 89' lang='lat' dir='ltr'>dann</span> <span class='ocrx_word' id='word_1_474' title='bbox 1307 4296 1383 4350; x_wconf 86' lang='grc'><strong>66616</strong></span> 
     </span>
    </p>
   </div>
   <div class='ocr_carea' id='block_1_9' title="bbox 0 0 1506 4844">
    <p class='ocr_par' dir='ltr' id='par_1_20' title="bbox 0 0 1506 4844">
     <span class='ocr_line' id='line_1_87' title="bbox 0 0 1506 4844; baseline 0 0"><span class='ocrx_word' id='word_1_475' title='bbox 0 0 1506 4844; x_wconf 95' lang='lat' dir='ltr'> </span> 
     </span>
    </p>
   </div>
  </div>
 </body>
</html>
