<?xml version="1.0" encoding="UTF-8"?>
<!DOCTYPE html PUBLIC "-//W3C//DTD XHTML 1.0 Transitional//EN"
    "http://www.w3.org/TR/xhtml1/DTD/xhtml1-transitional.dtd">
<html xmlns="http://www.w3.org/1999/xhtml" xml:lang="en" lang="en">
 <head>
  <title>
</title>
<meta http-equiv="Content-Type" content="text/html;charset=utf-8" />
  <meta name='ocr-system' content='tesseract 3.04.00' />
  <meta name='ocr-capabilities' content='ocr_page ocr_carea ocr_par ocr_line ocrx_word'/>
</head>
<body>
  <div class='ocr_page' id='page_1' title='image "./cicerosbrutus00pidegoog_0187.png"; bbox 0 0 3016 4846; ppageno 0'>
   <div class='ocr_carea' id='block_1_1' title="bbox 526 261 1294 403">
    <p class='ocr_par' dir='ltr' id='par_1_1' title="bbox 526 261 1294 403">
     <span class='ocr_line' id='line_1_1' title="bbox 526 261 1294 403; baseline 0.016 -86"><span class='ocrx_word' id='word_1_1' title='bbox 526 261 672 318; x_wconf 79' lang='grc'><strong>666666</strong></span> <span class='ocrx_word' id='word_1_2' title='bbox 691 269 734 332; x_wconf 85' lang='lat' dir='ltr'>rs,</span> <span class='ocrx_word' id='word_1_3' title='bbox 751 269 810 322; x_wconf 85' lang='grc'><strong>666,</strong></span> <span class='ocrx_word' id='word_1_4' title='bbox 829 270 887 322; x_wconf 83' lang='lat' dir='ltr'>res.</span> <span class='ocrx_word' id='word_1_5' title='bbox 953 323 1055 403; x_wconf 50' lang='grc' dir='ltr'><em>Μ</em></span> <span class='ocrx_word' id='word_1_6' title='bbox 1229 263 1294 329; x_wconf 83' lang='grc'>115</span> 
     </span>
    </p>
   </div>
   <div class='ocr_carea' id='block_1_2' title="bbox 89 415 1358 841">
    <p class='ocr_par' dir='ltr' id='par_1_2' title="bbox 89 415 1358 841">
     <span class='ocr_line' id='line_1_2' title="bbox 117 415 1293 502; baseline 0.001 -21"><span class='ocrx_word' id='word_1_7' title='bbox 117 417 194 501; x_wconf 89' lang='lat' dir='ltr'>quia</span> <span class='ocrx_word' id='word_1_8' title='bbox 214 419 373 500; x_wconf 85' lang='lat' dir='ltr'>peracuta,</span> <span class='ocrx_word' id='word_1_9' title='bbox 389 418 457 479; x_wconf 92' lang='lat' dir='ltr'>tum</span> <span class='ocrx_word' id='word_1_10' title='bbox 472 416 585 500; x_wconf 88' lang='lat' dir='ltr'>rapida</span> <span class='ocrx_word' id='word_1_11' title='bbox 601 419 634 480; x_wconf 91' lang='grc'>61</span> <span class='ocrx_word' id='word_1_12' title='bbox 649 415 812 481; x_wconf 89' lang='grc'><strong>6616611616</strong></span> <span class='ocrx_word' id='word_1_13' title='bbox 830 418 958 480; x_wconf 87' lang='grc'><strong>6666616</strong></span> <span class='ocrx_word' id='word_1_14' title='bbox 974 418 1091 502; x_wconf 89' lang='lat' dir='ltr'>oratio;</span> <span class='ocrx_word' id='word_1_15' title='bbox 1114 416 1168 481; x_wconf 89' lang='lat' dir='ltr'>sed</span> <span class='ocrx_word' id='word_1_16' title='bbox 1185 439 1293 501; x_wconf 89' lang='lat' dir='ltr'>neque</span> 
     </span>
     <span class='ocr_line' id='line_1_3' title="bbox 116 501 1289 586; baseline 0.003 -22"><span class='ocrx_word' id='word_1_17' title='bbox 116 502 223 566; x_wconf 85' lang='lat' dir='ltr'>verbis</span> <span class='ocrx_word' id='word_1_18' title='bbox 245 502 402 586; x_wconf 77' lang='lat' dir='ltr'>aptiorem</span> <span class='ocrx_word' id='word_1_19' title='bbox 425 501 488 565; x_wconf 86' lang='lat' dir='ltr'>cito</span> <span class='ocrx_word' id='word_1_20' title='bbox 510 502 607 566; x_wconf 89' lang='lat' dir='ltr'>alium</span> <span class='ocrx_word' id='word_1_21' title='bbox 625 501 760 565; x_wconf 85' lang='lat' dir='ltr'>dixerim</span> <span class='ocrx_word' id='word_1_22' title='bbox 777 505 890 585; x_wconf 76' lang='lat' dir='ltr'>neq&#39;u&#39;e‘</span> <span class='ocrx_word' id='word_1_23' title='bbox 892 503 1068 565; x_wconf 72' lang='lat' dir='ltr'>sententiis</span> <span class='ocrx_word' id='word_1_24' title='bbox 1085 503 1289 567; x_wconf 82' lang='lat' dir='ltr'>crebriorem.</span> 
     </span>
     <span class='ocr_line' id='line_1_4' title="bbox 118 576 1290 672; baseline 0.002 -22"><span class='ocrx_word' id='word_1_25' title='bbox 118 587 289 650; x_wconf 86' lang='lat' dir='ltr'>Praeterea</span> <span class='ocrx_word' id='word_1_26' title='bbox 311 585 472 670; x_wconf 84' lang='lat' dir='ltr'>perfectus</span> <span class='ocrx_word' id='word_1_27' title='bbox 494 587 528 650; x_wconf 91' lang='lat' dir='ltr'>in</span> <span class='ocrx_word' id='word_1_28' title='bbox 552 576 832 672; x_wconf 70' lang='lat' dir='ltr'>litterisdurisque</span> <span class='ocrx_word' id='word_1_29' title='bbox 855 586 957 651; x_wconf 87' lang='lat' dir='ltr'>civilis</span> <span class='ocrx_word' id='word_1_30' title='bbox 979 587 1044 650; x_wconf 90' lang='lat' dir='ltr'>iam</span> <span class='ocrx_word' id='word_1_31' title='bbox 1066 591 1189 672; x_wconf 79' lang='lat' dir='ltr'>epatre</span> <span class='ocrx_word' id='word_1_32' title='bbox 1205 589 1290 652; x_wconf 55' lang='lat' dir='ltr'>Asu*</span> 
     </span>
     <span class='ocr_line' id='line_1_5' title="bbox 116 669 1358 756; baseline 0.002 -22"><span class='ocrx_word' id='word_1_33' title='bbox 116 671 209 735; x_wconf 88' lang='lat' dir='ltr'>leone</span> <span class='ocrx_word' id='word_1_34' title='bbox 236 670 386 736; x_wconf 75' lang='lat' dir='ltr'>traditam</span> <span class='ocrx_word' id='word_1_35' title='bbox 414 671 520 735; x_wconf 88' lang='lat' dir='ltr'>tenuit</span> <span class='ocrx_word' id='word_1_36' title='bbox 548 670 772 754; x_wconf 82' lang='lat' dir='ltr'>disciplinam&gt;</span> <span class='ocrx_word' id='word_1_37' title='bbox 806 669 936 754; x_wconf 84' lang='lat' dir='ltr'>Reliqui</span> <span class='ocrx_word' id='word_1_38' title='bbox 963 674 1054 753; x_wconf 91' lang='lat' dir='ltr'>sunt,</span> <span class='ocrx_word' id='word_1_39' title='bbox 1089 673 1143 756; x_wconf 93' lang='lat' dir='ltr'>qui</span> <span class='ocrx_word' id='word_1_40' title='bbox 1169 673 1358 737; x_wconf 81' lang='grc'><strong>1666161266</strong></span> 
     </span>
     <span class='ocr_line' id='line_1_6' title="bbox 89 754 1290 841; baseline -0.001 -19"><span class='ocrx_word' id='word_1_41' title='bbox 89 757 197 841; x_wconf 79' lang='lat' dir='ltr'>seint,</span> <span class='ocrx_word' id='word_1_42' title='bbox 228 756 260 819; x_wconf 84' lang='lat' dir='ltr'>h.</span> <span class='ocrx_word' id='word_1_43' title='bbox 276 755 476 838; x_wconf 89' lang='lat' dir='ltr'>Torquatus,</span> <span class='ocrx_word' id='word_1_44' title='bbox 504 777 599 840; x_wconf 91' lang='lat' dir='ltr'>quem</span> <span class='ocrx_word' id='word_1_45' title='bbox 619 762 656 820; x_wconf 89' lang='lat' dir='ltr'>tu</span> <span class='ocrx_word' id='word_1_46' title='bbox 679 777 745 820; x_wconf 93' lang='lat' dir='ltr'>non</span> <span class='ocrx_word' id='word_1_47' title='bbox 770 759 837 820; x_wconf 89' lang='lat' dir='ltr'>tam</span> <span class='ocrx_word' id='word_1_48' title='bbox 862 755 927 820; x_wconf 88' lang='lat' dir='ltr'>cito</span> <span class='ocrx_word' id='word_1_49' title='bbox 956 754 1117 821; x_wconf 87' lang='lat' dir='ltr'>rhetorem</span> <span class='ocrx_word' id='word_1_50' title='bbox 1146 757 1290 840; x_wconf 81' lang='lat' dir='ltr'>dixisses,</span> 
     </span>
    </p>
   </div>
   <div class='ocr_carea' id='block_1_3' title="bbox 72 838 1359 2027">
    <p class='ocr_par' dir='ltr' id='par_1_3' title="bbox 72 838 1359 2027">
     <span class='ocr_line' id='line_1_7' title="bbox 115 838 1291 925; baseline 0.002 -21"><span class='ocrx_word' id='word_1_51' title='bbox 115 842 176 905; x_wconf 88' lang='lat' dir='ltr'>etsi</span> <span class='ocrx_word' id='word_1_52' title='bbox 199 862 264 904; x_wconf 92' lang='lat' dir='ltr'>non</span> <span class='ocrx_word' id='word_1_53' title='bbox 287 840 396 904; x_wconf 88' lang='lat' dir='ltr'>deerat</span> <span class='ocrx_word' id='word_1_54' title='bbox 415 840 526 919; x_wconf 86' lang='lat' dir='ltr'>oratio,</span> <span class='ocrx_word' id='word_1_55' title='bbox 550 862 646 925; x_wconf 90' lang='lat' dir='ltr'>quam</span> <span class='ocrx_word' id='word_1_56' title='bbox 660 844 697 906; x_wconf 92' lang='lat' dir='ltr'>ut</span> <span class='ocrx_word' id='word_1_57' title='bbox 712 840 827 911; x_wconf 88' lang='lat' dir='ltr'>Graeci</span> <span class='ocrx_word' id='word_1_58' title='bbox 843 841 954 905; x_wconf 89' lang='lat' dir='ltr'>dicunt</span> <span class='ocrx_word' id='word_1_59' title='bbox 968 838 1152 906; x_wconf 77' lang='grc' dir='ltr'><strong>πολιτικόν.</strong></span> <span class='ocrx_word' id='word_1_60' title='bbox 1187 841 1291 906; x_wconf 78' lang='lat' dir='ltr'>Erant</span> 
     </span>
     <span class='ocr_line' id='line_1_8' title="bbox 114 924 1289 1010; baseline 0.002 -22"><span class='ocrx_word' id='word_1_61' title='bbox 114 926 149 989; x_wconf 92' lang='lat' dir='ltr'>in</span> <span class='ocrx_word' id='word_1_62' title='bbox 172 947 210 990; x_wconf 93' lang='lat' dir='ltr'>eo</span> <span class='ocrx_word' id='word_1_63' title='bbox 232 925 388 1009; x_wconf 84' lang='lat' dir='ltr'>plurimae</span> <span class='ocrx_word' id='word_1_64' title='bbox 405 924 530 989; x_wconf 87' lang='lat' dir='ltr'>litterae</span> <span class='ocrx_word' id='word_1_65' title='bbox 545 946 606 989; x_wconf 89' lang='lat' dir='ltr'>nec</span> <span class='ocrx_word' id='word_1_66' title='bbox 621 947 677 989; x_wconf 89' lang='grc'>666</span> <span class='ocrx_word' id='word_1_67' title='bbox 692 927 854 1010; x_wconf 84' lang='lat' dir='ltr'>vulgares,</span> <span class='ocrx_word' id='word_1_68' title='bbox 878 925 932 989; x_wconf 88' lang='lat' dir='ltr'>sed</span> <span class='ocrx_word' id='word_1_69' title='bbox 948 925 1118 990; x_wconf 90' lang='lat' dir='ltr'>interiores</span> <span class='ocrx_word' id='word_1_70' title='bbox 1134 926 1289 1010; x_wconf 84' lang='lat' dir='ltr'>quaedam</span> 
     </span>
     <span class='ocr_line' id='line_1_9' title="bbox 115 1009 1291 1094; baseline 0.001 -20"><span class='ocrx_word' id='word_1_71' title='bbox 115 1015 148 1074; x_wconf 90' lang='lat' dir='ltr'>et</span> <span class='ocrx_word' id='word_1_72' title='bbox 170 1011 365 1091; x_wconf 76' lang='lat' dir='ltr'>reconditae,</span> <span class='ocrx_word' id='word_1_73' title='bbox 387 1009 497 1074; x_wconf 90' lang='lat' dir='ltr'>divina</span> <span class='ocrx_word' id='word_1_74' title='bbox 518 1011 682 1094; x_wconf 89' lang='lat' dir='ltr'>memoria,</span> <span class='ocrx_word' id='word_1_75' title='bbox 705 1032 829 1074; x_wconf 87' lang='lat' dir='ltr'>summa</span> <span class='ocrx_word' id='word_1_76' title='bbox 850 1011 1021 1074; x_wconf 82' lang='lat' dir='ltr'>verborum</span> <span class='ocrx_word' id='word_1_77' title='bbox 1042 1014 1076 1074; x_wconf 91' lang='lat' dir='ltr'>et</span> <span class='ocrx_word' id='word_1_78' title='bbox 1090 1012 1234 1094; x_wconf 85' lang='lat' dir='ltr'>gravitas</span> <span class='ocrx_word' id='word_1_79' title='bbox 1258 1015 1291 1075; x_wconf 89' lang='grc'>61</span> 
     </span>
     <span class='ocr_line' id='line_1_10' title="bbox 116 1094 1289 1180; baseline 0.002 -22"><span class='ocrx_word' id='word_1_80' title='bbox 116 1095 285 1180; x_wconf 81' lang='lat' dir='ltr'>elegantia.</span> <span class='ocrx_word' id='word_1_81' title='bbox 323 1098 430 1177; x_wconf 85' lang='lat' dir='ltr'>Atque</span> <span class='ocrx_word' id='word_1_82' title='bbox 452 1094 531 1158; x_wconf 89' lang='lat' dir='ltr'>haec</span> <span class='ocrx_word' id='word_1_83' title='bbox 554 1096 663 1159; x_wconf 89' lang='lat' dir='ltr'>omnia</span> <span class='ocrx_word' id='word_1_84' title='bbox 684 1095 769 1159; x_wconf 86' lang='lat' dir='ltr'>vitae</span> <span class='ocrx_word' id='word_1_85' title='bbox 792 1095 966 1159; x_wconf 86' lang='lat' dir='ltr'>decorabat</span> <span class='ocrx_word' id='word_1_86' title='bbox 987 1096 1129 1178; x_wconf 78' lang='lat' dir='ltr'>dignitas</span> <span class='ocrx_word' id='word_1_87' title='bbox 1152 1098 1184 1160; x_wconf 89' lang='lat' dir='ltr'>et</span> <span class='ocrx_word' id='word_1_88' title='bbox 1206 1097 1289 1160; x_wconf 91' lang='lat' dir='ltr'>inte·</span> 
     </span>
     <span class='ocr_line' id='line_1_11' title="bbox 75 1178 1290 1264; baseline 0.001 -21"><span class='ocrx_word' id='word_1_89' title='bbox 75 1180 226 1264; x_wconf 85' lang='lat' dir='ltr'>1ogritas.</span> <span class='ocrx_word' id='word_1_90' title='bbox 272 1181 325 1243; x_wconf 89' lang='grc'>116</span> <span class='ocrx_word' id='word_1_91' title='bbox 347 1178 475 1262; x_wconf 90' lang='lat' dir='ltr'>quidem</span> <span class='ocrx_word' id='word_1_92' title='bbox 498 1179 670 1245; x_wconf 91' lang='lat' dir='ltr'>admodum</span> <span class='ocrx_word' id='word_1_93' title='bbox 697 1179 879 1244; x_wconf 89' lang='lat' dir='ltr'>delectabat</span> <span class='ocrx_word' id='word_1_94' title='bbox 907 1181 1004 1244; x_wconf 89' lang='lat' dir='ltr'>etiam</span> <span class='ocrx_word' id='word_1_95' title='bbox 1026 1180 1144 1244; x_wconf 86' lang='lat' dir='ltr'>Triarii</span> <span class='ocrx_word' id='word_1_96' title='bbox 1172 1181 1207 1245; x_wconf 90' lang='lat' dir='ltr'>in</span> <span class='ocrx_word' id='word_1_97' title='bbox 1233 1181 1290 1244; x_wconf 89' lang='lat' dir='ltr'>illa</span> 
     </span>
     <span class='ocr_line' id='line_1_12' title="bbox 114 1263 1289 1347; baseline 0.002 -20"><span class='ocrx_word' id='word_1_98' title='bbox 114 1267 219 1329; x_wconf 88' lang='lat' dir='ltr'>aetate</span> <span class='ocrx_word' id='word_1_99' title='bbox 240 1264 337 1347; x_wconf 91' lang='lat' dir='ltr'>plena</span> <span class='ocrx_word' id='word_1_100' title='bbox 362 1264 523 1328; x_wconf 88' lang='lat' dir='ltr'>litteratae</span> <span class='ocrx_word' id='word_1_101' title='bbox 552 1266 727 1329; x_wconf 87' lang='lat' dir='ltr'>senectutis</span> <span class='ocrx_word' id='word_1_102' title='bbox 756 1264 871 1329; x_wconf 89' lang='lat' dir='ltr'>oratio.</span> <span class='ocrx_word' id='word_1_103' title='bbox 916 1263 1044 1340; x_wconf 79' lang='lat' dir='ltr'>Quanta</span> <span class='ocrx_word' id='word_1_104' title='bbox 1072 1265 1227 1330; x_wconf 84' lang='lat' dir='ltr'>seueritas</span> <span class='ocrx_word' id='word_1_105' title='bbox 1254 1267 1289 1330; x_wconf 89' lang='lat' dir='ltr'>in</span> 
     </span>
     <span class='ocr_line' id='line_1_13' title="bbox 114 1345 1311 1498; baseline -0.003 -86"><span class='ocrx_word' id='word_1_106' title='bbox 114 1349 219 1498; x_wconf 40' lang='lat' dir='ltr'>sulza!</span> <span class='ocrx_word' id='word_1_107' title='bbox 243 1351 397 1482; x_wconf 67' lang='lat' dir='ltr'>quantum</span> <span class='ocrx_word' id='word_1_108' title='bbox 418 1349 543 1432; x_wconf 89' lang='lat' dir='ltr'>pondus</span> <span class='ocrx_word' id='word_1_109' title='bbox 566 1351 601 1413; x_wconf 92' lang='lat' dir='ltr'>in</span> <span class='ocrx_word' id='word_1_110' title='bbox 616 1350 739 1415; x_wconf 84' lang='lat' dir='ltr'>uerbis!</span> <span class='ocrx_word' id='word_1_111' title='bbox 762 1371 858 1434; x_wconf 85' lang='lat' dir='ltr'>quam</span> <span class='ocrx_word' id='word_1_112' title='bbox 872 1348 962 1413; x_wconf 85' lang='lat' dir='ltr'>nihil</span> <span class='ocrx_word' id='word_1_113' title='bbox 969 1345 1037 1414; x_wconf 87' lang='grc'>666</span> <span class='ocrx_word' id='word_1_114' title='bbox 1052 1351 1311 1430; x_wconf 74' lang='lat' dir='ltr'>consideratum&gt;</span> 
     </span>
     <span class='ocr_line' id='line_1_14' title="bbox 116 1435 378 1498; baseline 0 -1"><span class='ocrx_word' id='word_1_115' title='bbox 116 1435 166 1498; x_wconf 87' lang='lat' dir='ltr'>exi</span> <span class='ocrx_word' id='word_1_116' title='bbox 191 1436 226 1496; x_wconf 91' lang='lat' dir='ltr'>at</span> <span class='ocrx_word' id='word_1_117' title='bbox 248 1455 285 1497; x_wconf 84' lang='lat' dir='ltr'>ex</span> <span class='ocrx_word' id='word_1_118' title='bbox 308 1454 378 1497; x_wconf 91' lang='lat' dir='ltr'>ore.</span> 
     </span>
     <span class='ocr_line' id='line_1_15' title="bbox 197 1517 1359 1604; baseline 0.001 -22"><span class='ocrx_word' id='word_1_119' title='bbox 197 1518 279 1582; x_wconf 90' lang='lat' dir='ltr'>Tum</span> <span class='ocrx_word' id='word_1_120' title='bbox 317 1517 457 1583; x_wconf 77' lang='lat' dir='ltr'>Bsurus</span> <span class='ocrx_word' id='word_1_121' title='bbox 495 1517 647 1604; x_wconf 84' lang='lat' dir='ltr'>Torquati</span> <span class='ocrx_word' id='word_1_122' title='bbox 684 1522 717 1583; x_wconf 90' lang='lat' dir='ltr'>et</span> <span class='ocrx_word' id='word_1_123' title='bbox 753 1518 871 1582; x_wconf 90' lang='lat' dir='ltr'>Triarii</span> <span class='ocrx_word' id='word_1_124' title='bbox 907 1519 1071 1583; x_wconf 90' lang='lat' dir='ltr'>mentione</span> <span class='ocrx_word' id='word_1_125' title='bbox 1108 1523 1289 1584; x_wconf 90' lang='lat' dir='ltr'>commotus</span> <span class='ocrx_word' id='word_1_126' title='bbox 1304 1534 1359 1583; x_wconf 92' lang='grc'>266</span> 
     </span>
     <span class='ocr_line' id='line_1_16' title="bbox 72 1603 1288 1689; baseline 0.003 -25"><span class='ocrx_word' id='word_1_127' title='bbox 72 1606 298 1687; x_wconf 78' lang='lat' dir='ltr'>1⁵(utrumque</span> <span class='ocrx_word' id='word_1_128' title='bbox 321 1603 407 1667; x_wconf 90' lang='lat' dir='ltr'>euim</span> <span class='ocrx_word' id='word_1_129' title='bbox 437 1624 547 1668; x_wconf 92' lang='lat' dir='ltr'>eorum</span> <span class='ocrx_word' id='word_1_130' title='bbox 579 1603 752 1668; x_wconf 88' lang='lat' dir='ltr'>admodum</span> <span class='ocrx_word' id='word_1_131' title='bbox 774 1603 960 1689; x_wconf 83' lang='lat' dir='ltr'>dilexerat):</span> <span class='ocrx_word' id='word_1_132' title='bbox 994 1603 1045 1668; x_wconf 89' lang='lat' dir='ltr'>Ne</span> <span class='ocrx_word' id='word_1_133' title='bbox 1073 1625 1150 1688; x_wconf 85' lang='lat' dir='ltr'>ego,</span> <span class='ocrx_word' id='word_1_134' title='bbox 1172 1605 1288 1688; x_wconf 93' lang='lat' dir='ltr'>inquit,</span> 
     </span>
     <span class='ocr_line' id='line_1_17' title="bbox 112 1687 1289 1771; baseline 0.001 -19"><span class='ocrx_word' id='word_1_135' title='bbox 112 1691 149 1752; x_wconf 91' lang='grc'>61</span> <span class='ocrx_word' id='word_1_136' title='bbox 171 1689 318 1752; x_wconf 89' lang='lat' dir='ltr'>omittam</span> <span class='ocrx_word' id='word_1_137' title='bbox 342 1692 463 1765; x_wconf 89' lang='lat' dir='ltr'>cetera,</span> <span class='ocrx_word' id='word_1_138' title='bbox 493 1709 576 1771; x_wconf 91' lang='lat' dir='ltr'>quae</span> <span class='ocrx_word' id='word_1_139' title='bbox 605 1692 682 1753; x_wconf 89' lang='lat' dir='ltr'>sunt</span> <span class='ocrx_word' id='word_1_140' title='bbox 702 1688 965 1766; x_wconf 86' lang='lat' dir='ltr'>innumerabilia,</span> <span class='ocrx_word' id='word_1_141' title='bbox 993 1687 1033 1752; x_wconf 91' lang='lat' dir='ltr'>de</span> <span class='ocrx_word' id='word_1_142' title='bbox 1060 1689 1134 1752; x_wconf 89' lang='lat' dir='ltr'>istis</span> <span class='ocrx_word' id='word_1_143' title='bbox 1166 1690 1289 1753; x_wconf 87' lang='lat' dir='ltr'>duobus</span> 
     </span>
     <span class='ocr_line' id='line_1_18' title="bbox 114 1772 1289 1858; baseline 0.001 -22"><span class='ocrx_word' id='word_1_144' title='bbox 114 1793 186 1836; x_wconf 93' lang='lat' dir='ltr'>cum</span> <span class='ocrx_word' id='word_1_145' title='bbox 209 1773 334 1858; x_wconf 88' lang='lat' dir='ltr'>cogito,</span> <span class='ocrx_word' id='word_1_146' title='bbox 362 1772 453 1837; x_wconf 90' lang='lat' dir='ltr'>doleo</span> <span class='ocrx_word' id='word_1_147' title='bbox 475 1773 558 1837; x_wconf 93' lang='lat' dir='ltr'>nihil</span> <span class='ocrx_word' id='word_1_148' title='bbox 580 1776 670 1837; x_wconf 89' lang='lat' dir='ltr'>tuam</span> <span class='ocrx_word' id='word_1_149' title='bbox 692 1778 880 1857; x_wconf 89' lang='lat' dir='ltr'>perpetuam</span> <span class='ocrx_word' id='word_1_150' title='bbox 903 1774 1126 1838; x_wconf 89' lang='lat' dir='ltr'>auctoritatem</span> <span class='ocrx_word' id='word_1_151' title='bbox 1149 1775 1187 1837; x_wconf 92' lang='grc'>66</span> <span class='ocrx_word' id='word_1_152' title='bbox 1211 1794 1289 1857; x_wconf 90' lang='lat' dir='ltr'>pace</span> 
     </span>
     <span class='ocr_line' id='line_1_19' title="bbox 111 1856 1289 1923; baseline 0.001 -2"><span class='ocrx_word' id='word_1_153' title='bbox 111 1858 265 1921; x_wconf 85' lang='lat' dir='ltr'>valuisset</span> <span class='ocrx_word' id='word_1_154' title='bbox 310 1856 394 1921; x_wconf 88' lang='lat' dir='ltr'>Nam</span> <span class='ocrx_word' id='word_1_155' title='bbox 422 1878 484 1923; x_wconf 90' lang='grc'>666</span> <span class='ocrx_word' id='word_1_156' title='bbox 511 1859 591 1922; x_wconf 87' lang='grc'><strong>16166</strong></span> <span class='ocrx_word' id='word_1_157' title='bbox 620 1858 812 1922; x_wconf 85' lang='lat' dir='ltr'>excellentes</span> <span class='ocrx_word' id='word_1_158' title='bbox 844 1858 932 1922; x_wconf 84' lang='lat' dir='ltr'>viros</span> <span class='ocrx_word' id='word_1_159' title='bbox 965 1879 1025 1921; x_wconf 89' lang='lat' dir='ltr'>nec</span> <span class='ocrx_word' id='word_1_160' title='bbox 1058 1857 1175 1922; x_wconf 90' lang='lat' dir='ltr'>multos</span> <span class='ocrx_word' id='word_1_161' title='bbox 1210 1859 1289 1923; x_wconf 87' lang='lat' dir='ltr'>alios</span> 
     </span>
     <span class='ocr_line' id='line_1_20' title="bbox 112 1943 870 2027; baseline 0.003 -23"><span class='ocrx_word' id='word_1_162' title='bbox 112 1945 315 2025; x_wconf 87' lang='lat' dir='ltr'>praestantes</span> <span class='ocrx_word' id='word_1_163' title='bbox 338 1943 422 2006; x_wconf 84' lang='lat' dir='ltr'>cives</span> <span class='ocrx_word' id='word_1_164' title='bbox 444 1963 495 2006; x_wconf 89' lang='grc'>666</span> <span class='ocrx_word' id='word_1_165' title='bbox 517 1943 653 2026; x_wconf 72' lang='lat' dir='ltr'>publice,</span> <span class='ocrx_word' id='word_1_166' title='bbox 670 1943 870 2027; x_wconf 87' lang='lat' dir='ltr'>perdidisset.</span> 
     </span>
    </p>
   </div>
   <div class='ocr_carea' id='block_1_4' title="bbox 6 2093 1289 4400">
    <p class='ocr_par' dir='ltr' id='par_1_4' title="bbox 6 2093 1289 4400">
     <span class='ocr_line' id='line_1_21' title="bbox 151 2093 1288 2160; baseline 0.003 -15"><span class='ocrx_word' id='word_1_167' title='bbox 151 2100 174 2148; x_wconf 88' lang='grc'>1.</span> <span class='ocrx_word' id='word_1_168' title='bbox 197 2093 265 2160; x_wconf 79' lang='lat' dir='ltr'>qaia</span> <span class='ocrx_word' id='word_1_169' title='bbox 301 2099 414 2148; x_wconf 82' lang='grc'><strong>6666616</strong></span> <span class='ocrx_word' id='word_1_170' title='bbox 429 2093 550 2147; x_wconf 89' lang='lat' dir='ltr'>-Weil</span> <span class='ocrx_word' id='word_1_171' title='bbox 568 2094 676 2149; x_wconf 76' lang='lat' dir='ltr'>fiber-all</span> <span class='ocrx_word' id='word_1_172' title='bbox 727 2094 820 2148; x_wconf 86' lang='lat' dir='ltr'>meina</span> <span class='ocrx_word' id='word_1_173' title='bbox 845 2093 1017 2148; x_wconf 86' lang='lat' dir='ltr'>Restriktion</span> <span class='ocrx_word' id='word_1_174' title='bbox 1048 2111 1092 2160; x_wconf 88' lang='lat' dir='ltr'>an,</span> <span class='ocrx_word' id='word_1_175' title='bbox 1122 2093 1167 2148; x_wconf 89' lang='lat' dir='ltr'>die</span> <span class='ocrx_word' id='word_1_176' title='bbox 1191 2093 1288 2149; x_wconf 83' lang='lat' dir='ltr'>Cicero</span> 
     </span>
     <span class='ocr_line' id='line_1_22' title="bbox 6 2160 1006 2230; baseline 0.002 -16"><span class='ocrx_word' id='word_1_177' title='bbox 6 2211 7 2214; x_wconf 74' lang='grc'><strong>,</strong></span> <span class='ocrx_word' id='word_1_178' title='bbox 112 2178 166 2215; x_wconf 83' lang='grc'>666</span> <span class='ocrx_word' id='word_1_179' title='bbox 195 2161 240 2213; x_wconf 87' lang='grc'>616</span> <span class='ocrx_word' id='word_1_180' title='bbox 295 2160 529 2230; x_wconf 82' lang='lat' dir='ltr'>auptgedanken,</span> <span class='ocrx_word' id='word_1_181' title='bbox 559 2162 600 2216; x_wconf 87' lang='grc'>616</span> <span class='ocrx_word' id='word_1_182' title='bbox 630 2163 675 2216; x_wconf 86' lang='grc'>616</span> <span class='ocrx_word' id='word_1_183' title='bbox 727 2162 786 2215; x_wconf 90' lang='lat' dir='ltr'>sich</span> <span class='ocrx_word' id='word_1_184' title='bbox 803 2162 932 2230; x_wconf 83' lang='lat' dir='ltr'>gesteekt</span> <span class='ocrx_word' id='word_1_185' title='bbox 949 2161 1006 2216; x_wconf 88' lang='lat' dir='ltr'>hat.</span> 
     </span>
     <span class='ocr_line' id='line_1_23' title="bbox 6 2228 1287 2299; baseline 0.002 -15"><span class='ocrx_word' id='word_1_186' title='bbox 6 2279 7 2284; x_wconf 73' lang='grc'><strong>,</strong></span> <span class='ocrx_word' id='word_1_187' title='bbox 111 2228 359 2298; x_wconf 84' lang='lat' dir='ltr'>hervorragenden</span> <span class='ocrx_word' id='word_1_188' title='bbox 386 2228 515 2297; x_wconf 81' lang='lat' dir='ltr'>Sitaen,</span> <span class='ocrx_word' id='word_1_189' title='bbox 545 2229 675 2299; x_wconf 80' lang='lat' dir='ltr'>gegeben</span> <span class='ocrx_word' id='word_1_190' title='bbox 761 2235 785 2283; x_wconf 81' lang='lat'>5.</span> <span class='ocrx_word' id='word_1_191' title='bbox 797 2228 1287 2296; x_wconf 68' lang='grc' dir='ltr'><strong>16-61616666861161166248,Α.3.</strong></span> 
     </span>
     <span class='ocr_line' id='line_1_24' title="bbox 112 2296 1288 2366; baseline 0.001 -16"><span class='ocrx_word' id='word_1_192' title='bbox 112 2311 207 2350; x_wconf 88' lang='lat' dir='ltr'>waren</span> <span class='ocrx_word' id='word_1_193' title='bbox 235 2296 298 2362; x_wconf 89' lang='lat' dir='ltr'>(wie</span> <span class='ocrx_word' id='word_1_194' title='bbox 326 2296 372 2350; x_wconf 91' lang='lat' dir='ltr'>bei</span> <span class='ocrx_word' id='word_1_195' title='bbox 418 2314 453 2351; x_wconf 90' lang='lat' dir='ltr'>en</span> <span class='ocrx_word' id='word_1_196' title='bbox 476 2296 674 2352; x_wconf 86' lang='lat' dir='ltr'>Naehahmeru</span> <span class='ocrx_word' id='word_1_197' title='bbox 759 2297 893 2352; x_wconf 78' lang='lat' dir='ltr'>rhetorem</span> <span class='ocrx_word' id='word_1_198' title='bbox 904 2297 1057 2366; x_wconf 85' lang='lat' dir='ltr'>gleichsam</span> <span class='ocrx_word' id='word_1_199' title='bbox 1068 2298 1113 2351; x_wconf 93' lang='lat' dir='ltr'>die</span> <span class='ocrx_word' id='word_1_200' title='bbox 1126 2297 1288 2352; x_wconf 87' lang='lat' dir='ltr'>technischo</span> 
     </span>
     <span class='ocr_line' id='line_1_25' title="bbox 6 2363 1286 2434; baseline 0.001 -16"><span class='ocrx_word' id='word_1_201' title='bbox 6 2371 7 2376; x_wconf 78' lang='grc'>’</span> <span class='ocrx_word' id='word_1_202' title='bbox 112 2365 162 2418; x_wconf 89' lang='grc'>666</span> <span class='ocrx_word' id='word_1_203' title='bbox 191 2363 370 2433; x_wconf 84' lang='lat' dir='ltr'>Thucydides</span> <span class='ocrx_word' id='word_1_204' title='bbox 399 2367 557 2420; x_wconf 89' lang='lat' dir='ltr'>sententiae</span> <span class='ocrx_word' id='word_1_205' title='bbox 587 2365 674 2420; x_wconf 90' lang='lat' dir='ltr'>nimio</span> <span class='ocrx_word' id='word_1_206' title='bbox 727 2363 930 2434; x_wconf 86' lang='lat' dir='ltr'>Schulspraehe</span> <span class='ocrx_word' id='word_1_207' title='bbox 951 2365 1000 2419; x_wconf 90' lang='grc'>666</span> <span class='ocrx_word' id='word_1_208' title='bbox 1019 2364 1145 2420; x_wconf 79' lang='grc'><strong>11666666</strong></span> <span class='ocrx_word' id='word_1_209' title='bbox 1166 2365 1286 2429; x_wconf 84' lang='grc'><strong>666666;</strong></span> 
     </span>
     <span class='ocr_line' id='line_1_26' title="bbox 112 2431 1288 2503; baseline 0.002 -18"><span class='ocrx_word' id='word_1_210' title='bbox 112 2431 242 2486; x_wconf 88' lang='lat' dir='ltr'>acumine</span> <span class='ocrx_word' id='word_1_211' title='bbox 254 2433 395 2486; x_wconf 87' lang='lat' dir='ltr'>interdum</span> <span class='ocrx_word' id='word_1_212' title='bbox 408 2450 464 2486; x_wconf 92' lang='grc'>666</span> <span class='ocrx_word' id='word_1_213' title='bbox 477 2433 545 2487; x_wconf 90' lang='grc'><strong>66116</strong></span> <span class='ocrx_word' id='word_1_214' title='bbox 558 2436 674 2503; x_wconf 85' lang='lat' dir='ltr'>apertae</span> <span class='ocrx_word' id='word_1_215' title='bbox 726 2433 777 2486; x_wconf 91' lang='lat' dir='ltr'>der</span> <span class='ocrx_word' id='word_1_216' title='bbox 799 2433 973 2496; x_wconf 86' lang='lat' dir='ltr'>griechisehe</span> <span class='ocrx_word' id='word_1_217' title='bbox 1002 2432 1146 2487; x_wconf 83' lang='lat' dir='ltr'>Ausdruck</span> <span class='ocrx_word' id='word_1_218' title='bbox 1173 2433 1212 2486; x_wconf 87' lang='lat' dir='ltr'>ist</span> <span class='ocrx_word' id='word_1_219' title='bbox 1239 2433 1288 2487; x_wconf 90' lang='lat' dir='ltr'>ab·</span> 
     </span>
     <span class='ocr_line' id='line_1_27' title="bbox 112 2500 1288 2571; baseline 0 -17"><span class='ocrx_word' id='word_1_220' title='bbox 112 2501 218 2565; x_wconf 90' lang='lat' dir='ltr'>erant),</span> <span class='ocrx_word' id='word_1_221' title='bbox 240 2516 270 2553; x_wconf 89' lang='grc'>66</span> <span class='ocrx_word' id='word_1_222' title='bbox 291 2501 369 2555; x_wconf 91' lang='lat' dir='ltr'>blieb</span> <span class='ocrx_word' id='word_1_223' title='bbox 393 2501 457 2555; x_wconf 89' lang='lat' dir='ltr'>dem</span> <span class='ocrx_word' id='word_1_224' title='bbox 478 2500 613 2567; x_wconf 79' lang='lat' dir='ltr'>Zuhbrer,</span> <span class='ocrx_word' id='word_1_225' title='bbox 637 2500 674 2555; x_wconf 90' lang='lat' dir='ltr'>da</span> <span class='ocrx_word' id='word_1_226' title='bbox 727 2500 857 2554; x_wconf 88' lang='lat' dir='ltr'>sichtlich</span> <span class='ocrx_word' id='word_1_227' title='bbox 878 2518 926 2554; x_wconf 90' lang='lat' dir='ltr'>um</span> <span class='ocrx_word' id='word_1_228' title='bbox 949 2501 998 2554; x_wconf 89' lang='lat' dir='ltr'>des</span> <span class='ocrx_word' id='word_1_229' title='bbox 1021 2500 1210 2571; x_wconf 83' lang='lat' dir='ltr'>Gegensstzes</span> <span class='ocrx_word' id='word_1_230' title='bbox 1233 2518 1288 2556; x_wconf 85' lang='lat' dir='ltr'>von</span> 
     </span>
     <span class='ocr_line' id='line_1_28' title="bbox 112 2555 1288 2639; baseline 0.003 -19"><span class='ocrx_word' id='word_1_231' title='bbox 112 2569 158 2621; x_wconf 91' lang='lat' dir='ltr'>die</span> <span class='ocrx_word' id='word_1_232' title='bbox 184 2567 414 2631; x_wconf 80' lang='grc'><strong>6666611616666,</strong></span> <span class='ocrx_word' id='word_1_233' title='bbox 442 2569 497 2622; x_wconf 89' lang='grc'>666</span> <span class='ocrx_word' id='word_1_234' title='bbox 519 2555 674 2637; x_wconf 75' lang='lat' dir='ltr'>Ubergang</span> <span class='ocrx_word' id='word_1_235' title='bbox 726 2567 875 2623; x_wconf 79' lang='grc' dir='ltr'><strong><em>πολιτικόν</em></strong></span> <span class='ocrx_word' id='word_1_236' title='bbox 892 2569 987 2622; x_wconf 90' lang='lat' dir='ltr'>willeu</span> <span class='ocrx_word' id='word_1_237' title='bbox 1005 2568 1139 2636; x_wconf 76' lang='lat' dir='ltr'>gewthlt,</span> <span class='ocrx_word' id='word_1_238' title='bbox 1172 2569 1288 2639; x_wconf 81' lang='lat' dir='ltr'>Madvig</span> 
     </span>
     <span class='ocr_line' id='line_1_29' title="bbox 112 2634 1238 2704; baseline 0 -16"><span class='ocrx_word' id='word_1_239' title='bbox 112 2635 266 2690; x_wconf 88' lang='lat' dir='ltr'>bildenden</span> <span class='ocrx_word' id='word_1_240' title='bbox 289 2634 445 2690; x_wconf 77' lang='grc'><strong>1166661666</strong></span> <span class='ocrx_word' id='word_1_241' title='bbox 471 2636 619 2700; x_wconf 85' lang='grc'><strong>66666166,</strong></span> <span class='ocrx_word' id='word_1_242' title='bbox 639 2654 673 2689; x_wconf 94' lang='grc'>66</span> <span class='ocrx_word' id='word_1_243' title='bbox 726 2636 822 2690; x_wconf 89' lang='lat' dir='ltr'>wollte</span> <span class='ocrx_word' id='word_1_244' title='bbox 840 2639 979 2690; x_wconf 88' lang='lat' dir='ltr'>oratorem</span> <span class='ocrx_word' id='word_1_245' title='bbox 997 2636 1113 2704; x_wconf 86' lang='lat' dir='ltr'>gelesen</span> <span class='ocrx_word' id='word_1_246' title='bbox 1129 2636 1238 2691; x_wconf 87' lang='lat' dir='ltr'>wissen.</span> 
     </span>
     <span class='ocr_line' id='line_1_30' title="bbox 111 2702 1287 2773; baseline 0.003 -18"><span class='ocrx_word' id='word_1_247' title='bbox 111 2702 169 2756; x_wconf 89' lang='lat' dir='ltr'>viel</span> <span class='ocrx_word' id='word_1_248' title='bbox 187 2719 221 2756; x_wconf 86' lang='lat' dir='ltr'>zu</span> <span class='ocrx_word' id='word_1_249' title='bbox 238 2703 319 2757; x_wconf 90' lang='lat' dir='ltr'>raten</span> <span class='ocrx_word' id='word_1_250' title='bbox 337 2705 434 2771; x_wconf 81' lang='lat' dir='ltr'>tibrig,</span> <span class='ocrx_word' id='word_1_251' title='bbox 457 2704 508 2757; x_wconf 92' lang='lat' dir='ltr'>der</span> <span class='ocrx_word' id='word_1_252' title='bbox 524 2704 674 2758; x_wconf 85' lang='lat' dir='ltr'>Ausdruck</span> <span class='ocrx_word' id='word_1_253' title='bbox 760 2710 785 2758; x_wconf 88' lang='grc'>6.</span> <span class='ocrx_word' id='word_1_254' title='bbox 804 2706 942 2759; x_wconf 86' lang='lat' dir='ltr'>oratio-</span> <span class='ocrx_word' id='word_1_255' title='bbox 957 2721 1015 2757; x_wconf 84' lang='lat' dir='ltr'>was</span> <span class='ocrx_word' id='word_1_256' title='bbox 1031 2704 1069 2757; x_wconf 92' lang='lat' dir='ltr'>im</span> <span class='ocrx_word' id='word_1_257' title='bbox 1083 2720 1206 2773; x_wconf 89' lang='lat' dir='ltr'>engeren</span> <span class='ocrx_word' id='word_1_258' title='bbox 1218 2705 1287 2759; x_wconf 91' lang='lat' dir='ltr'>Sinn</span> 
     </span>
     <span class='ocr_line' id='line_1_31' title="bbox 111 2770 1104 2840; baseline 0 -14"><span class='ocrx_word' id='word_1_259' title='bbox 111 2770 352 2826; x_wconf 83' lang='lat' dir='ltr'>erhieltottetwas</span> <span class='ocrx_word' id='word_1_260' title='bbox 361 2771 560 2837; x_wconf 81' lang='lat' dir='ltr'>Rtttselhattes,</span> <span class='ocrx_word' id='word_1_261' title='bbox 567 2773 674 2825; x_wconf 77' lang='grc'><strong>661666</strong></span> <span class='ocrx_word' id='word_1_262' title='bbox 726 2771 897 2826; x_wconf 87' lang='lat' dir='ltr'>oratorische</span> <span class='ocrx_word' id='word_1_263' title='bbox 916 2771 1040 2840; x_wconf 85' lang='lat' dir='ltr'>Sprache</span> <span class='ocrx_word' id='word_1_264' title='bbox 1058 2771 1104 2826; x_wconf 83' lang='lat' dir='ltr'>ist</span> 
     </span>
     <span class='ocr_line' id='line_1_32' title="bbox 110 2838 1288 2894; baseline 0.002 -2"><span class='ocrx_word' id='word_1_265' title='bbox 110 2855 147 2892; x_wconf 88' lang='lat' dir='ltr'>au</span> <span class='ocrx_word' id='word_1_266' title='bbox 164 2838 375 2893; x_wconf 81' lang='lat' dir='ltr'>Eutaifferndes.</span> <span class='ocrx_word' id='word_1_267' title='bbox 759 2838 946 2894; x_wconf 76' lang='grc' dir='ltr'><strong><em>πολιτικόν</em></strong></span> <span class='ocrx_word' id='word_1_268' title='bbox 958 2839 1125 2893; x_wconf 87' lang='lat' dir='ltr'>bezeichnet</span> <span class='ocrx_word' id='word_1_269' title='bbox 1134 2839 1197 2893; x_wconf 90' lang='lat' dir='ltr'>hier</span> <span class='ocrx_word' id='word_1_270' title='bbox 1209 2840 1288 2894; x_wconf 90' lang='lat' dir='ltr'>nicht</span> 
     </span>
     <span class='ocr_line' id='line_1_33' title="bbox 145 2905 1288 2976; baseline 0 -16"><span class='ocrx_word' id='word_1_271' title='bbox 145 2907 250 2976; x_wconf 80' lang='lat' dir='ltr'>rapida</span> <span class='ocrx_word' id='word_1_272' title='bbox 268 2907 428 2964; x_wconf 81' lang='grc'><strong>(16116113</strong></span> <span class='ocrx_word' id='word_1_273' title='bbox 448 2905 516 2960; x_wconf 85' lang='lat' dir='ltr'>Cum</span> <span class='ocrx_word' id='word_1_274' title='bbox 529 2907 605 2960; x_wconf 91' lang='lat' dir='ltr'>enim</span> <span class='ocrx_word' id='word_1_275' title='bbox 616 2907 675 2960; x_wconf 88' lang='lat' dir='ltr'>fer·</span> <span class='ocrx_word' id='word_1_276' title='bbox 726 2907 787 2968; x_wconf 90' lang='lat' dir='ltr'>das,</span> <span class='ocrx_word' id='word_1_277' title='bbox 809 2923 867 2961; x_wconf 84' lang='lat' dir='ltr'>was</span> <span class='ocrx_word' id='word_1_278' title='bbox 890 2908 941 2960; x_wconf 88' lang='lat' dir='ltr'>wir</span> <span class='ocrx_word' id='word_1_279' title='bbox 963 2907 1080 2971; x_wconf 71' lang='lat' dir='ltr'>Pousis,</span> <span class='ocrx_word' id='word_1_280' title='bbox 1105 2907 1288 2962; x_wconf 83' lang='lat' dir='ltr'>Staatekunst</span> 
     </span>
     <span class='ocr_line' id='line_1_34' title="bbox 8 2973 1286 3044; baseline 0 -16"><span class='ocrx_word' id='word_1_281' title='bbox 8 2975 9 2978; x_wconf 71' lang='grc'>’</span> <span class='ocrx_word' id='word_1_282' title='bbox 109 2977 158 3029; x_wconf 85' lang='grc'>166</span> <span class='ocrx_word' id='word_1_283' title='bbox 180 2976 260 3044; x_wconf 88' lang='lat' dir='ltr'>quasi</span> <span class='ocrx_word' id='word_1_284' title='bbox 281 2975 391 3028; x_wconf 88' lang='lat' dir='ltr'>torrens</span> <span class='ocrx_word' id='word_1_285' title='bbox 416 2974 519 3039; x_wconf 87' lang='lat' dir='ltr'>oratio,</span> <span class='ocrx_word' id='word_1_286' title='bbox 547 2976 673 3042; x_wconf 85' lang='lat' dir='ltr'>quamvis</span> <span class='ocrx_word' id='word_1_287' title='bbox 724 2991 849 3042; x_wconf 87' lang='lat' dir='ltr'>nennen,</span> <span class='ocrx_word' id='word_1_288' title='bbox 873 2990 904 3028; x_wconf 85' lang='lat' dir='ltr'>so</span> <span class='ocrx_word' id='word_1_289' title='bbox 922 2974 984 3028; x_wconf 86' lang='grc'><strong>6616</strong></span> <span class='ocrx_word' id='word_1_290' title='bbox 1002 2973 1162 3040; x_wconf 87' lang='lat' dir='ltr'>Torquatus</span> <span class='ocrx_word' id='word_1_291' title='bbox 1181 2976 1221 3028; x_wconf 89' lang='lat' dir='ltr'>als</span> <span class='ocrx_word' id='word_1_292' title='bbox 1239 2976 1286 3028; x_wconf 91' lang='lat' dir='ltr'>ein</span> 
     </span>
     <span class='ocr_line' id='line_1_35' title="bbox 8 3039 1285 3112; baseline 0 -16"><span class='ocrx_word' id='word_1_293' title='bbox 8 3039 9 3046; x_wconf 65' lang='lat'><em>&#39;</em></span> <span class='ocrx_word' id='word_1_294' title='bbox 108 3043 201 3096; x_wconf 89' lang='lat' dir='ltr'>multa</span> <span class='ocrx_word' id='word_1_295' title='bbox 219 3042 353 3109; x_wconf 89' lang='lat' dir='ltr'>cuiusque</span> <span class='ocrx_word' id='word_1_296' title='bbox 377 3043 454 3095; x_wconf 89' lang='lat' dir='ltr'>modi</span> <span class='ocrx_word' id='word_1_297' title='bbox 472 3041 580 3110; x_wconf 85' lang='lat' dir='ltr'>rapiat,</span> <span class='ocrx_word' id='word_1_298' title='bbox 603 3042 673 3095; x_wconf 88' lang='lat' dir='ltr'>nihil</span> <span class='ocrx_word' id='word_1_299' title='bbox 724 3042 918 3097; x_wconf 89' lang='lat' dir='ltr'>bedeutender</span> <span class='ocrx_word' id='word_1_300' title='bbox 935 3042 1133 3097; x_wconf 84' lang='lat' dir='ltr'>Staatsredner</span> <span class='ocrx_word' id='word_1_301' title='bbox 1150 3041 1212 3112; x_wconf 86' lang='lat' dir='ltr'>(wie</span> <span class='ocrx_word' id='word_1_302' title='bbox 1230 3043 1285 3096; x_wconf 92' lang='lat' dir='ltr'>De·</span> 
     </span>
     <span class='ocr_line' id='line_1_36' title="bbox 9 3109 1285 3178; baseline -0.002 -13"><span class='ocrx_word' id='word_1_303' title='bbox 9 3149 10 3154; x_wconf 19' lang='grc' dir='ltr'><strong>κ</strong></span> <span class='ocrx_word' id='word_1_304' title='bbox 108 3115 208 3165; x_wconf 87' lang='lat' dir='ltr'>tamen</span> <span class='ocrx_word' id='word_1_305' title='bbox 234 3115 344 3172; x_wconf 84' lang='lat' dir='ltr'>teneas,</span> <span class='ocrx_word' id='word_1_306' title='bbox 372 3109 442 3163; x_wconf 91' lang='lat' dir='ltr'>nihil</span> <span class='ocrx_word' id='word_1_307' title='bbox 468 3110 673 3178; x_wconf 86' lang='lat' dir='ltr'>apprehendas,</span> <span class='ocrx_word' id='word_1_308' title='bbox 723 3110 894 3177; x_wconf 88' lang='lat' dir='ltr'>mosthenes)</span> <span class='ocrx_word' id='word_1_309' title='bbox 922 3109 1151 3164; x_wconf 85' lang='lat' dir='ltr'>charakterisiert</span> <span class='ocrx_word' id='word_1_310' title='bbox 1179 3110 1285 3175; x_wconf 82' lang='grc'><strong>66666,</strong></span> 
     </span>
     <span class='ocr_line' id='line_1_37' title="bbox 9 3177 1286 3246; baseline -0.005 -10"><span class='ocrx_word' id='word_1_311' title='bbox 9 3193 10 3236; x_wconf 83' lang='lat'>1</span> <span class='ocrx_word' id='word_1_312' title='bbox 108 3195 250 3246; x_wconf 84' lang='lat' dir='ltr'>nusquam</span> <span class='ocrx_word' id='word_1_313' title='bbox 272 3179 424 3233; x_wconf 81' lang='lat' dir='ltr'>orationem</span> <span class='ocrx_word' id='word_1_314' title='bbox 446 3178 576 3245; x_wconf 82' lang='lat' dir='ltr'>rapidam</span> <span class='ocrx_word' id='word_1_315' title='bbox 597 3194 672 3232; x_wconf 88' lang='lat' dir='ltr'>coer·</span> <span class='ocrx_word' id='word_1_316' title='bbox 723 3177 845 3232; x_wconf 89' lang='lat' dir='ltr'>sondern</span> <span class='ocrx_word' id='word_1_317' title='bbox 855 3178 894 3230; x_wconf 90' lang='lat' dir='ltr'>im</span> <span class='ocrx_word' id='word_1_318' title='bbox 905 3177 1064 3246; x_wconf 82' lang='lat' dir='ltr'>Gegensatz</span> <span class='ocrx_word' id='word_1_319' title='bbox 1077 3194 1111 3230; x_wconf 85' lang='lat' dir='ltr'>zu</span> <span class='ocrx_word' id='word_1_320' title='bbox 1124 3178 1174 3231; x_wconf 91' lang='lat' dir='ltr'>der</span> <span class='ocrx_word' id='word_1_321' title='bbox 1182 3177 1286 3231; x_wconf 87' lang='lat' dir='ltr'>Kunst·</span> 
     </span>
     <span class='ocr_line' id='line_1_38' title="bbox 9 3241 1285 3314; baseline -0.002 -15"><span class='ocrx_word' id='word_1_322' title='bbox 9 3241 18 3311; x_wconf 54' lang='lat' dir='ltr'>f,</span> <span class='ocrx_word' id='word_1_323' title='bbox 111 3263 185 3300; x_wconf 87' lang='grc'><strong>6666.</strong></span> <span class='ocrx_word' id='word_1_324' title='bbox 723 3244 1285 3314; x_wconf 73' lang='grc'><strong>666661666616616666666(6666666</strong></span> 
     </span>
     <span class='ocr_line' id='line_1_39' title="bbox 145 3311 1285 3382; baseline -0.003 -14"><span class='ocrx_word' id='word_1_325' title='bbox 145 3318 257 3378; x_wconf 83' lang='lat' dir='ltr'>caecata</span> <span class='ocrx_word' id='word_1_326' title='bbox 275 3313 317 3366; x_wconf 90' lang='lat' dir='ltr'>als</span> <span class='ocrx_word' id='word_1_327' title='bbox 335 3312 526 3381; x_wconf 81' lang='lat' dir='ltr'>Synonymum</span> <span class='ocrx_word' id='word_1_328' title='bbox 549 3328 605 3366; x_wconf 86' lang='lat' dir='ltr'>von</span> <span class='ocrx_word' id='word_1_329' title='bbox 623 3314 673 3367; x_wconf 90' lang='lat' dir='ltr'>ob·</span> <span class='ocrx_word' id='word_1_330' title='bbox 725 3319 823 3382; x_wconf 88' lang='lat' dir='ltr'>sagen)</span> <span class='ocrx_word' id='word_1_331' title='bbox 837 3311 1285 3382; x_wconf 70' lang='grc'><strong>666611366616666616616166,</strong></span> 
     </span>
     <span class='ocr_line' id='line_1_40' title="bbox 10 3379 1284 3450; baseline -0.002 -15"><span class='ocrx_word' id='word_1_332' title='bbox 10 3383 11 3386; x_wconf 72' lang='grc'>’</span> <span class='ocrx_word' id='word_1_333' title='bbox 111 3398 203 3442; x_wconf 85' lang='lat' dir='ltr'>ecura,</span> <span class='ocrx_word' id='word_1_334' title='bbox 222 3380 274 3433; x_wconf 87' lang='lat' dir='ltr'>wie</span> <span class='ocrx_word' id='word_1_335' title='bbox 293 3380 329 3434; x_wconf 91' lang='grc'>66</span> <span class='ocrx_word' id='word_1_336' title='bbox 347 3381 409 3448; x_wconf 85' lang='lat' dir='ltr'>lege</span> <span class='ocrx_word' id='word_1_337' title='bbox 421 3396 514 3450; x_wconf 80' lang='lat' dir='ltr'>agrar.</span> <span class='ocrx_word' id='word_1_338' title='bbox 529 3381 554 3434; x_wconf 96' lang='lat' dir='ltr'>II</span> <span class='ocrx_word' id='word_1_339' title='bbox 566 3386 599 3435; x_wconf 82' lang='lat'>36</span> <span class='ocrx_word' id='word_1_340' title='bbox 618 3380 673 3436; x_wconf 82' lang='lat' dir='ltr'>Cur</span> <span class='ocrx_word' id='word_1_341' title='bbox 726 3381 813 3434; x_wconf 84' lang='lat' dir='ltr'>durch</span> <span class='ocrx_word' id='word_1_342' title='bbox 831 3381 914 3434; x_wconf 86' lang='lat' dir='ltr'>keine</span> <span class='ocrx_word' id='word_1_343' title='bbox 932 3379 1090 3435; x_wconf 88' lang='lat' dir='ltr'>besondere</span> <span class='ocrx_word' id='word_1_344' title='bbox 1102 3380 1229 3434; x_wconf 85' lang='lat' dir='ltr'>Techuik</span> <span class='ocrx_word' id='word_1_345' title='bbox 1243 3396 1284 3434; x_wconf 88' lang='lat' dir='ltr'>er-</span> 
     </span>
     <span class='ocr_line' id='line_1_41' title="bbox 10 3447 1286 3516; baseline 0 -14"><span class='ocrx_word' id='word_1_346' title='bbox 10 3451 12 3458; x_wconf 81' lang='grc'>’</span> <span class='ocrx_word' id='word_1_347' title='bbox 110 3450 166 3502; x_wconf 92' lang='lat' dir='ltr'>hoc</span> <span class='ocrx_word' id='word_1_348' title='bbox 183 3450 242 3500; x_wconf 88' lang='lat' dir='ltr'>tam</span> <span class='ocrx_word' id='word_1_349' title='bbox 266 3448 310 3500; x_wconf 88' lang='grc'>661</span> <span class='ocrx_word' id='word_1_350' title='bbox 332 3448 479 3501; x_wconf 88' lang='lat' dir='ltr'>obscurum</span> <span class='ocrx_word' id='word_1_351' title='bbox 502 3451 588 3516; x_wconf 89' lang='lat' dir='ltr'>atque</span> <span class='ocrx_word' id='word_1_352' title='bbox 611 3466 672 3504; x_wconf 88' lang='grc'><strong>666-</strong></span> <span class='ocrx_word' id='word_1_353' title='bbox 725 3447 1220 3508; x_wconf 65' lang='grc'><strong>666166666666666166661161666,</strong></span> <span class='ocrx_word' id='word_1_354' title='bbox 1233 3448 1286 3502; x_wconf 88' lang='lat' dir='ltr'>wie</span> 
     </span>
     <span class='ocr_line' id='line_1_42' title="bbox 10 3512 1287 3586; baseline 0.001 -17"><span class='ocrx_word' id='word_1_355' title='bbox 10 3515 12 3582; x_wconf 73' lang='lat' dir='ltr'>J</span> <span class='ocrx_word' id='word_1_356' title='bbox 112 3514 501 3570; x_wconf 78' lang='lat' dir='ltr'>eumaVorderreissenden</span> <span class='ocrx_word' id='word_1_357' title='bbox 514 3517 672 3571; x_wconf 85' lang='lat' dir='ltr'>Geschwin-</span> <span class='ocrx_word' id='word_1_358' title='bbox 723 3512 874 3570; x_wconf 74' lang='lat' dir='ltr'>actissuis</span> <span class='ocrx_word' id='word_1_359' title='bbox 892 3512 1003 3585; x_wconf 76' lang='grc' dir='ltr'><strong><em>ζήτημα</em></strong></span> <span class='ocrx_word' id='word_1_360' title='bbox 1020 3515 1059 3569; x_wconf 86' lang='grc'>161</span> <span class='ocrx_word' id='word_1_361' title='bbox 1076 3514 1112 3570; x_wconf 84' lang='grc' dir='ltr'>τὸ</span> <span class='ocrx_word' id='word_1_362' title='bbox 1135 3517 1196 3586; x_wconf 82' lang='grc' dir='ltr'>τῆς</span> <span class='ocrx_word' id='word_1_363' title='bbox 1214 3519 1287 3570; x_wconf 82' lang='grc' dir='ltr'><em>κοί·</em></span> 
     </span>
     <span class='ocr_line' id='line_1_43' title="bbox 10 3580 1286 3660; baseline 0.002 -23"><span class='ocrx_word' id='word_1_364' title='bbox 10 3593 12 3660; x_wconf 53' lang='grc' dir='ltr'>ζ</span> <span class='ocrx_word' id='word_1_365' title='bbox 111 3583 222 3652; x_wconf 84' lang='lat' dir='ltr'>digkeit</span> <span class='ocrx_word' id='word_1_366' title='bbox 239 3583 289 3636; x_wconf 87' lang='lat' dir='ltr'>sah</span> <span class='ocrx_word' id='word_1_367' title='bbox 307 3599 373 3636; x_wconf 89' lang='lat' dir='ltr'>man</span> <span class='ocrx_word' id='word_1_368' title='bbox 391 3582 442 3637; x_wconf 88' lang='grc'>666</span> <span class='ocrx_word' id='word_1_369' title='bbox 454 3585 578 3638; x_wconf 85' lang='grc'><strong>61666166</strong></span> <span class='ocrx_word' id='word_1_370' title='bbox 595 3586 674 3639; x_wconf 87' lang='lat' dir='ltr'>nicht</span> <span class='ocrx_word' id='word_1_371' title='bbox 725 3605 786 3654; x_wconf 80' lang='grc' dir='ltr'>νης</span> <span class='ocrx_word' id='word_1_372' title='bbox 821 3581 962 3647; x_wconf 72' lang='grc' dir='ltr'><strong><em>ἐννοίας</em></strong></span> <span class='ocrx_word' id='word_1_373' title='bbox 997 3581 1064 3653; x_wconf 75' lang='grc' dir='ltr'>ἔχου</span> <span class='ocrx_word' id='word_1_374' title='bbox 1100 3580 1152 3653; x_wconf 81' lang='grc' dir='ltr'>τὴν</span> <span class='ocrx_word' id='word_1_375' title='bbox 1182 3586 1286 3652; x_wconf 71' lang='grc' dir='ltr'><strong>κρίσιν.</strong></span> 
     </span>
     <span class='ocr_line' id='line_1_44' title="bbox 11 3652 1286 3798; baseline -0.002 -24"><span class='ocrx_word' id='word_1_376' title='bbox 11 3787 12 3794; x_wconf 8' lang='grc' dir='ltr'>ἵ</span> <span class='ocrx_word' id='word_1_377' title='bbox 111 3668 291 3774; x_wconf 47' lang='grc' dir='ltr'>ἔθῗυώτῦίε</span> <span class='ocrx_word' id='word_1_378' title='bbox 308 3719 442 3787; x_wconf 77' lang='lat' dir='ltr'>aptiorem</span> <span class='ocrx_word' id='word_1_379' title='bbox 461 3725 518 3798; x_wconf 74' lang='lat'>¹4⁵:</span> <span class='ocrx_word' id='word_1_380' title='bbox 548 3721 602 3774; x_wconf 88' lang='lat' dir='ltr'>cito</span> <span class='ocrx_word' id='word_1_381' title='bbox 619 3721 673 3774; x_wconf 84' lang='lat' dir='ltr'>wie</span> <span class='ocrx_word' id='word_1_382' title='bbox 727 3652 952 3798; x_wconf 48' lang='lat' dir='ltr'>0ri.lii)riteriores</span> <span class='ocrx_word' id='word_1_383' title='bbox 973 3718 1020 3796; x_wconf 78' lang='lat' dir='ltr'>Sic</span> <span class='ocrx_word' id='word_1_384' title='bbox 1038 3719 1132 3772; x_wconf 88' lang='lat' dir='ltr'>traten</span> <span class='ocrx_word' id='word_1_385' title='bbox 1151 3719 1286 3797; x_wconf 78' lang='lat' dir='ltr'>pingenda</span> 
     </span>
     <span class='ocr_line' id='line_1_45' title="bbox 111 3786 1285 3857; baseline -0.002 -17"><span class='ocrx_word' id='word_1_386' title='bbox 111 3803 198 3842; x_wconf 90' lang='grc'><strong>66666</strong></span> <span class='ocrx_word' id='word_1_387' title='bbox 232 3787 404 3856; x_wconf 86' lang='lat' dir='ltr'>temporales</span> <span class='ocrx_word' id='word_1_388' title='bbox 439 3788 557 3857; x_wconf 60' lang='grc' dir='ltr'>ε816616,</span> <span class='ocrx_word' id='word_1_389' title='bbox 594 3788 673 3841; x_wconf 84' lang='lat' dir='ltr'>bald’</span> <span class='ocrx_word' id='word_1_390' title='bbox 726 3786 1285 3854; x_wconf 65' lang='grc'><strong>161616616666616616661666661116»</strong></span> 
     </span>
     <span class='ocr_line' id='line_1_46' title="bbox 11 3853 1284 3925; baseline -0.002 -16"><span class='ocrx_word' id='word_1_391' title='bbox 11 3859 13 3918; x_wconf 67' lang='grc' dir='ltr'>ζ</span> <span class='ocrx_word' id='word_1_392' title='bbox 111 3855 208 3909; x_wconf 79' lang='grc'><strong>666661</strong></span> <span class='ocrx_word' id='word_1_393' title='bbox 219 3856 325 3925; x_wconf 81' lang='lat' dir='ltr'>getasst</span> <span class='ocrx_word' id='word_1_394' title='bbox 342 3855 446 3914; x_wconf 59' lang='grc' dir='ltr'>ε161611,</span> <span class='ocrx_word' id='word_1_395' title='bbox 460 3855 545 3909; x_wconf 84' lang='lat' dir='ltr'>wohl’</span> <span class='ocrx_word' id='word_1_396' title='bbox 562 3855 675 3910; x_wconf 87' lang='lat' dir='ltr'>Terent.</span> <span class='ocrx_word' id='word_1_397' title='bbox 725 3854 804 3922; x_wconf 78' lang='lat' dir='ltr'>hung</span> <span class='ocrx_word' id='word_1_398' title='bbox 819 3855 870 3908; x_wconf 88' lang='lat' dir='ltr'>auf</span> <span class='ocrx_word' id='word_1_399' title='bbox 881 3854 926 3907; x_wconf 89' lang='lat' dir='ltr'>die</span> <span class='ocrx_word' id='word_1_400' title='bbox 939 3853 1063 3922; x_wconf 81' lang='lat' dir='ltr'>Sprache</span> <span class='ocrx_word' id='word_1_401' title='bbox 1076 3854 1284 3908; x_wconf 87' lang='lat' dir='ltr'>wahrnehmen.</span> 
     </span>
     <span class='ocr_line' id='line_1_47' title="bbox 11 3921 1285 3992; baseline 0 -17"><span class='ocrx_word' id='word_1_402' title='bbox 11 3929 13 3986; x_wconf 64' lang='grc' dir='ltr'>ἴ</span> <span class='ocrx_word' id='word_1_403' title='bbox 112 3923 301 3992; x_wconf 76' lang='grc'><strong>6661616443</strong></span> <span class='ocrx_word' id='word_1_404' title='bbox 323 3923 407 3977; x_wconf 88' lang='lat' dir='ltr'>Haud</span> <span class='ocrx_word' id='word_1_405' title='bbox 434 3924 490 3976; x_wconf 87' lang='lat' dir='ltr'>sito</span> <span class='ocrx_word' id='word_1_406' title='bbox 517 3923 585 3976; x_wconf 90' lang='lat' dir='ltr'>mali</span> <span class='ocrx_word' id='word_1_407' title='bbox 607 3923 674 3989; x_wconf 87' lang='lat' dir='ltr'>quid</span> <span class='ocrx_word' id='word_1_408' title='bbox 761 3929 801 3977; x_wconf 91' lang='grc'>10.</span> <span class='ocrx_word' id='word_1_409' title='bbox 831 3923 864 3976; x_wconf 85' lang='lat' dir='ltr'>ia</span> <span class='ocrx_word' id='word_1_410' title='bbox 892 3922 944 3975; x_wconf 86' lang='lat' dir='ltr'>illc</span> <span class='ocrx_word' id='word_1_411' title='bbox 970 3927 1062 3976; x_wconf 79' lang='grc'><strong>661616</strong></span> <span class='ocrx_word' id='word_1_412' title='bbox 1090 3924 1163 3975; x_wconf 88' lang='grc'><strong>16616</strong></span> <span class='ocrx_word' id='word_1_413' title='bbox 1193 3921 1285 3975; x_wconf 89' lang='grc'><strong>661666</strong></span> 
     </span>
     <span class='ocr_line' id='line_1_48' title="bbox 115 3989 1285 4060; baseline 0.002 -19"><span class='ocrx_word' id='word_1_414' title='bbox 115 3993 206 4043; x_wconf 86' lang='lat' dir='ltr'>ortum</span> <span class='ocrx_word' id='word_1_415' title='bbox 226 4007 260 4045; x_wconf 81' lang='lat' dir='ltr'>ex</span> <span class='ocrx_word' id='word_1_416' title='bbox 276 3991 331 4044; x_wconf 91' lang='lat' dir='ltr'>hoc</span> <span class='ocrx_word' id='word_1_417' title='bbox 349 3991 387 4043; x_wconf 86' lang='grc'>611</span> <span class='ocrx_word' id='word_1_418' title='bbox 403 3991 524 4058; x_wconf 88' lang='lat' dir='ltr'>publice.</span> <span class='ocrx_word' id='word_1_419' title='bbox 722 3989 754 4060; x_wconf 89' lang='lat' dir='ltr'>ju</span> <span class='ocrx_word' id='word_1_420' title='bbox 778 3989 927 4044; x_wconf 91' lang='lat' dir='ltr'>endlichen</span> <span class='ocrx_word' id='word_1_421' title='bbox 946 3990 1053 4054; x_wconf 81' lang='lat' dir='ltr'>Altera,</span> <span class='ocrx_word' id='word_1_422' title='bbox 1076 4004 1118 4042; x_wconf 88' lang='lat' dir='ltr'>wo</span> <span class='ocrx_word' id='word_1_423' title='bbox 1137 4003 1204 4041; x_wconf 86' lang='lat' dir='ltr'>man</span> <span class='ocrx_word' id='word_1_424' title='bbox 1221 3990 1285 4043; x_wconf 88' lang='grc'><strong>6166</strong></span> 
     </span>
     <span class='ocr_line' id='line_1_49' title="bbox 146 4007 1285 4133; baseline -0.001 -23"><span class='ocrx_word' id='word_1_425' title='bbox 146 4060 291 4113; x_wconf 78' lang='lat' dir='ltr'>sententiis</span> <span class='ocrx_word' id='word_1_426' title='bbox 308 4059 472 4113; x_wconf 79' lang='lat' dir='ltr'>crebriorem</span> <span class='ocrx_word' id='word_1_427' title='bbox 487 4064 529 4124; x_wconf 79' lang='grc'>29,</span> <span class='ocrx_word' id='word_1_428' title='bbox 543 4063 601 4122; x_wconf 81' lang='grc'><strong>173,</strong></span> <span class='ocrx_word' id='word_1_429' title='bbox 614 4064 672 4113; x_wconf 83' lang='lat'><strong>250.</strong></span> <span class='ocrx_word' id='word_1_430' title='bbox 725 4007 820 4113; x_wconf 67' lang='lat' dir='ltr'>selcha</span> <span class='ocrx_word' id='word_1_431' title='bbox 844 4056 1013 4112; x_wconf 85' lang='lat' dir='ltr'>Gereittheit</span> <span class='ocrx_word' id='word_1_432' title='bbox 1038 4057 1111 4133; x_wconf 81' lang='lat' dir='ltr'>noch</span> <span class='ocrx_word' id='word_1_433' title='bbox 1137 4056 1217 4109; x_wconf 88' lang='lat' dir='ltr'>nicht</span> <span class='ocrx_word' id='word_1_434' title='bbox 1242 4072 1285 4110; x_wconf 89' lang='lat' dir='ltr'>er·</span> 
     </span>
     <span class='ocr_line' id='line_1_50' title="bbox 147 4123 1140 4181; baseline -0.001 -4"><span class='ocrx_word' id='word_1_435' title='bbox 147 4123 435 4180; x_wconf 80' lang='lat' dir='ltr'>Charakteristik</span> <span class='ocrx_word' id='word_1_436' title='bbox 464 4126 522 4179; x_wconf 92' lang='lat' dir='ltr'>des</span> <span class='ocrx_word' id='word_1_437' title='bbox 545 4125 573 4178; x_wconf 83' lang='lat' dir='ltr'>L.</span> <span class='ocrx_word' id='word_1_438' title='bbox 592 4125 673 4179; x_wconf 89' lang='lat' dir='ltr'>Tor·</span> <span class='ocrx_word' id='word_1_439' title='bbox 725 4127 834 4181; x_wconf 85' lang='lat' dir='ltr'>wartet.</span> <span class='ocrx_word' id='word_1_440' title='bbox 864 4131 913 4179; x_wconf 82' lang='lat'>160</span> <span class='ocrx_word' id='word_1_441' title='bbox 930 4126 1023 4178; x_wconf 87' lang='grc'><strong>666166</strong></span> <span class='ocrx_word' id='word_1_442' title='bbox 1041 4129 1140 4178; x_wconf 77' lang='lat' dir='ltr'>oratio.</span> 
     </span>
     <span class='ocr_line' id='line_1_51' title="bbox 113 4193 999 4262; baseline 0.002 -17"><span class='ocrx_word' id='word_1_443' title='bbox 113 4195 241 4258; x_wconf 81' lang='lat' dir='ltr'>quatur</span> <span class='ocrx_word' id='word_1_444' title='bbox 259 4194 325 4246; x_wconf 90' lang='grc'>666</span> <span class='ocrx_word' id='word_1_445' title='bbox 344 4195 403 4248; x_wconf 90' lang='grc'>666</span> <span class='ocrx_word' id='word_1_446' title='bbox 418 4193 576 4248; x_wconf 85' lang='lat' dir='ltr'>Triarius</span> <span class='ocrx_word' id='word_1_447' title='bbox 594 4194 672 4250; x_wconf 81' lang='grc'><strong>2661.</strong></span> <span class='ocrx_word' id='word_1_448' title='bbox 761 4199 801 4250; x_wconf 83' lang='grc'>16.</span> <span class='ocrx_word' id='word_1_449' title='bbox 823 4209 858 4248; x_wconf 82' lang='lat' dir='ltr'>ae</span> <span class='ocrx_word' id='word_1_450' title='bbox 876 4208 923 4262; x_wconf 73' lang='lat' dir='ltr'>eqo</span> <span class='ocrx_word' id='word_1_451' title='bbox 940 4199 999 4247; x_wconf 87' lang='grc'><strong>249.</strong></span> 
     </span>
     <span class='ocr_line' id='line_1_52' title="bbox 147 4259 1285 4330; baseline 0 -18"><span class='ocrx_word' id='word_1_452' title='bbox 147 4264 172 4312; x_wconf 81' lang='grc'><strong>4.</strong></span> <span class='ocrx_word' id='word_1_453' title='bbox 208 4261 240 4314; x_wconf 83' lang='lat' dir='ltr'>ai</span> <span class='ocrx_word' id='word_1_454' title='bbox 257 4263 361 4315; x_wconf 83' lang='lat' dir='ltr'>mortui</span> <span class='ocrx_word' id='word_1_455' title='bbox 377 4263 435 4316; x_wconf 82' lang='lat' dir='ltr'>siat</span> <span class='ocrx_word' id='word_1_456' title='bbox 453 4261 578 4329; x_wconf 84' lang='lat' dir='ltr'>-giebt</span> <span class='ocrx_word' id='word_1_457' title='bbox 595 4262 675 4315; x_wconf 86' lang='lat' dir='ltr'>nieht</span> <span class='ocrx_word' id='word_1_458' title='bbox 760 4267 801 4316; x_wconf 78' lang='lat'>17.</span> <span class='ocrx_word' id='word_1_459' title='bbox 822 4266 984 4330; x_wconf 79' lang='lat' dir='ltr'>perpetuam</span> <span class='ocrx_word' id='word_1_460' title='bbox 1006 4259 1198 4314; x_wconf 82' lang='lat' dir='ltr'>auctoritatem</span> <span class='ocrx_word' id='word_1_461' title='bbox 1218 4259 1285 4314; x_wconf 88' lang='lat' dir='ltr'>dein</span> 
     </span>
     <span class='ocr_line' id='line_1_53' title="bbox 113 4326 1289 4400; baseline -0.001 -22"><span class='ocrx_word' id='word_1_462' title='bbox 113 4326 159 4379; x_wconf 90' lang='lat' dir='ltr'>die</span> <span class='ocrx_word' id='word_1_463' title='bbox 204 4329 352 4397; x_wconf 75' lang='lat' dir='ltr'>brisacha,</span> <span class='ocrx_word' id='word_1_464' title='bbox 377 4331 499 4384; x_wconf 80' lang='grc'><strong>6666666</strong></span> <span class='ocrx_word' id='word_1_465' title='bbox 522 4330 568 4382; x_wconf 87' lang='grc'>616</span> <span class='ocrx_word' id='word_1_466' title='bbox 587 4329 673 4399; x_wconf 83' lang='lat' dir='ltr'>allge-</span> <span class='ocrx_word' id='word_1_467' title='bbox 724 4329 919 4400; x_wconf 78' lang='lat' dir='ltr'>unabltssiges</span> <span class='ocrx_word' id='word_1_468' title='bbox 931 4327 1028 4382; x_wconf 82' lang='lat' dir='ltr'>Reden</span> <span class='ocrx_word' id='word_1_469' title='bbox 1041 4327 1204 4382; x_wconf 83' lang='grc'><strong>6661166166</strong></span> <span class='ocrx_word' id='word_1_470' title='bbox 1221 4345 1289 4381; x_wconf 67' lang='lat' dir='ltr'>aum,</span> 
     </span>
    </p>
   </div>
   <div class='ocr_carea' id='block_1_5' title="bbox 0 0 1512 4846">
    <p class='ocr_par' dir='ltr' id='par_1_5' title="bbox 0 0 1512 4846">
     <span class='ocr_line' id='line_1_54' title="bbox 0 0 1512 4846; baseline 0 0"><span class='ocrx_word' id='word_1_471' title='bbox 0 0 1512 4846; x_wconf 95' lang='lat' dir='ltr'> </span> 
     </span>
    </p>
   </div>
  </div>
 </body>
</html>
