3050 4848
206 279 267 343 118
616 276 762 332 Breucos
779 281 822 344 42,
838 283 894 333 iss.
908 282 966 332 iss.

140 444 188 494 155
202 431 309 496 rebus.
354 429 407 496 Sic
429 434 462 496 et
486 430 598 507 hebet,
621 430 706 514 qnod
728 432 799 494 uter
820 451 860 493 ue
881 451 992 495 eornm
1013 429 1141 508 habuit,
1170 433 1203 494 et
1225 429 1375 514 explevit,

203 515 290 664 puod
308 517 436 600 utrique
452 515 561 580 defuit.
598 513 724 598 Itaque,
748 519 785 578 ut
799 452 934 580 drassus
956 515 1036 578 mihi
1051 515 1178 579 videtur
1199 515 1376 598 sapientius

219 602 318 666 ecisse
340 622 436 685 quam
458 599 611 666 Scaevola
634 636 671 646 —
696 599 751 664 hic
774 601 860 663 enim
881 621 995 665 causas
1022 599 1163 664 studiose
1187 599 1374 684 recipiebat,

203 686 370 769 inquibus
392 685 543 750 comeso
558 684 784 768 superabatur3
806 684 862 748 ille
884 705 918 748 se
938 684 1063 749 consuli
1083 685 1226 770 nolebat,
1249 706 1290 748 ne
1314 706 1377 768 quc

203 771 239 834 iii
260 791 294 834 re
313 771 449 835 inferior
464 772 547 834 esset
561 790 656 853 quom
672 769 825 834 Scaevola
840 807 891 850 -,
913 769 959 833 sio
975 768 1103 834 Servius
1127 769 1375 868 sapientissime,
1389 793 1402 833 s

205 876 278 920 oum
293 855 374 919 duce
389 853 499 920 civiles
521 857 607 918 artes
630 874 667 917 ac
688 854 833 918 forenses
853 854 1026 937 plurimum
1042 858 1075 918 et
1095 853 1198 919 laudis
1220 854 1378 919 haberent

205 943 239 1004 et
272 939 411 1023 gratioe,
445 938 582 1022 perfecit
609 941 646 1002 ut
675 939 776 1004 altera
804 941 984 1022 praestaret
1012 939 1177 1018 omnibus,
1209 960 1249 1003 ex
1277 939 1377 1003 altere

204 1027 332 1088 tentum
360 1023 554 1104 adsumeret,
584 1027 738 1107 quantum
760 1026 844 1088 esset
866 1023 959 1087 etad
981 1024 1135 1088 tuendum
1157 1025 1207 1088 ius
1230 1023 1323 1088 civile
1346 1027 1377 1088 et

152 1165 156 1170 .
208 1108 248 1171 ad
272 1107 480 1173 obtinendem
502 1109 701 1173 consulerem
726 1107 917 1193 dignitatem
940 1110 1028 1174 setis.

142 1197 192 1256 156
291 1192 374 1258 Tum
385 1192 539 1259 Bnurus:
553 1192 604 1257 Ite
618 1214 759 1277 prorsus,
775 1193 891 1277 inquit,
903 1196 937 1257 et
948 1197 1045 1258 antee
1054 1194 1208 1278 putabam
1221 1230 1257 1240 —
1270 1193 1378 1256 audivi
1391 1217 1417 1257 io

206 1278 293 1343 enim
322 1298 426 1362 nuper
448 1299 520 1343 eum
548 1277 689 1342 studiose
712 1283 745 1344 et
770 1277 956 1361 frequenter
977 1277 1079 1362 Semi,
1110 1300 1183 1343 cum
1205 1299 1243 1342 eii
1265 1299 1304 1342 eo
1326 1277 1376 1342 ius

203 1366 352 1428 nostrum
373 1363 590 1446 pontificium,
614 1383 677 1446 quc
698 1385 737 1428 ex
758 1367 850 1447 parte
874 1384 947 1427 cum
969 1363 1038 1427 iure
1060 1362 1148 1429 civili
1170 1362 1376 1428 coniunctum

204 1451 306 1529 esset,
335 1447 450 1512 vellem
480 1468 671 1532 cognoscere
698 1485 740 1496 -
769 1451 803 1512 et
829 1469 917 1512 nunc
945 1467 1053 1513 meum
1087 1447 1241 1512 iudicium
1274 1447 1377 1511 multo

205 1533 309 1617 magis
332 1532 491 1630 confirmo·
508 1533 693 1597 testimonio
716 1537 750 1598 et
769 1531 888 1597 iudicio
910 1537 983 1616 tu03
1012 1532 1107 1597 simul
1133 1532 1214 1596 illud
1242 1532 1375 1629 gaudeo,

205 1617 1033 1786 llllthtllltl'titttllttltltt
1053 1617 1376 1767 aftiuhidsstiffi
1389 1637 1416 1677 ¹⁵

239 1843 263 1890 3.
287 1851 386 1891 caueae
414 1837 499 1890 deren
525 1835 658 1906 i‘iihrung
685 1837 765 1890 mehr
851 1836 945 1892 civitas
962 1835 1376 1904 arteswerdenJurisprudenz

206 1902 295 1958 Saohe
308 1904 357 1958 des
368 1905 504 1972 petronus
516 1904 563 1960 ist.
585 1903 680 1959 Dsher
690 1904 765 1958 denn
816 1905 875 1958 und
886 1903 1029 1971 Elloqnenz
1046 1906 1171 1974 genennt
1182 1920 1281 1974 wegen
1299 1904 1376 1958 ihrer

206 1971 279 2025 auch
303 1969 384 2026 dorin
403 1971 530 2038 Crassus,
551 1970 594 2025 cle
618 1974 764 2040 patronus,
818 1971 1375 2040 Wirlisemlieitimprcktischenheben‚

206 2039 317 2092 sttrker
334 2054 401 2093 war.
817 2039 856 2092 im
867 2038 1092 2109 Gegensctzvon
1105 2039 1376 2095 nurwissenschust-

209 2110 211 2116 ’
239 2107 361 2162 audisse
373 2107 438 2161 sehr
450 2123 529 2176 gerii.
553 2107 610 2162 re'
636 2107 765 2164 'ebatdas
817 2108 911 2162 lichen
929 2107 1111 2176 Disciplinen.

205 2164 609 2231 solenneVerbumvonderii
630 2175 764 2230 emehme
853 2181 893 2229 11.
916 2190 1006 2295 caper
1026 2175 1066 2252 ini
1089 2175 1114 2230 J.
1130 2181 1174 2253 4⁷2
1196 2174 1255 2230 ulio
1275 2183 1287 2229 1
1306 2175 1377 2229 Jahr

206 2243 284 2297 einer
312 2241 550 2311 Processfiihrnng
581 2244 684 2300 seitens
713 2242 763 2296 des
815 2258 867 2297 vor
885 2241 936 2297 der
974 2243 1015 2297 eit
1031 2242 1122 2297 dieses
1140 2242 1264 2312 Dielogs.

204 2312 349 2381 patronus.
377 2315 435 2365 207.
852 2317 891 2368 12.
909 2315 1033 2366 nostram
1049 2311 1289 2365 insofernBrutus
1305 2327 1374 2380 pon-

239 2385 264 2435 4.
287 2378 395 2434 cansali'
418 2413 450 2422 -
472 2393 530 2432 was
553 2378 625 2432 eben
651 2377 765 2446 speaiell
815 2378 887 2432 tifex
904 2394 963 2433 war
982 2383 1039 2436 212.

205 2445 295 2500 Seche
314 2446 364 2500 des
380 2445 593 2500 iurisconsultus
610 2447 657 2500 ist.
849 2446 896 2500 iae
913 2446 1092 2514 pontificiam
1109 2446 1179 2500 oder
1196 2461 1306 2500 sacrum
1325 2445 1376 2499 des

239 2518 264 2568 6.
287 2513 361 2567 duae
383 2543 417 2552 —
440 2518 515 2568 artas
540 2513 576 2567 de
593 2512 639 2572 off.
657 2512 684 2566 11
700 2513 764 2567 sel.
816 2512 1010 2579 Sakralrecht,
1043 2513 1102 2568 die.
1117 2512 1291 2568 reohtliolien
1320 2513 1376 2568 Bs-

204 2579 277 2636 Nem
295 2579 325 2632 in
336 2580 396 2634 iare
409 2596 519 2648 cavere,
539 2581 654 2636 consilio
666 2582 765 2636 iuvare
816 2581 1022 2651 stimmungen,
1045 2580 1090 2634 die
1108 2581 1166 2636 sicli
1187 2581 1238 2635 eni
1252 2580 1303 2636 dns
1321 2581 1376 2636 Re·

205 2647 353 2716 stquehoc
370 2648 502 2726 scientiae
512 2664 616 2718 genere
630 2648 764 2718 prodesse
816 2647 1014 2717 ligionswesen
1048 2650 1107 2702 und
1138 2650 1194 2704 den
1228 2651 1376 2771 poemen

204 2732 291 2785 quam
317 2716 447 2785 plurimrs
470 2715 652 2771 vehementer
675 2717 764 2771 etad
814 2716 916 2771 Kultus
938 2717 1066 2786 beaogen
1089 2717 1148 2771 und
1174 2717 1204 2770 iri
1248 2734 1284 2772 en
1310 2717 1376 2771 libri

204 2799 276 2906 tlt
291 2784 702 2922 stleiluiiulutttt
715 2801 764 2908 a
814 2784 1291 2923 {legiuncularum
1314 2786 1376 2840 Μ’

205 2920 344 2974 maiorum
366 2922 426 2974 tuni
445 2919 521 2987 quod
539 2923 645 2989 optime
664 2923 763 2976 consti
850 2926 889 2976 15.
925 2921 1082 2989 aequalitas
1116 2920 1372 2991 Alterrgleichheit

204 2987 261 3041 tuti
278 2988 347 3042 iuris
365 2988 456 3042 civilis
479 3005 587 3043 summo
606 3006 716 3058 semper
734 2990 763 3042 in
813 2986 977 3042 Verhltltnis
996 2988 1037 3043 cli
1055 2988 1265 3058 Zeitgenossen.

205 3055 312 3111 honore
341 3057 397 3110 fuit
418 3057 542 3125 cognitio
566 3059 651 3125 atque
674 3056 762 3111 inter-
851 3055 1375 3124 16.quaeifiaittmaoieiaitas‘lirenz-

203 3123 341 3194 pretcti03
365 3141 451 3192 quem
468 3125 581 3193 quidem
605 3126 671 3178 ante
691 3125 764 3178 hanc
815 3122 1044 3177 naehbcrschaft’
1076 3124 1168 3194 (quasi
1197 3141 1296 3195 wegen
1327 3125 1376 3179 des

204 3192 398 3248 confusionem
422 3195 582 3270 temporum
604 3193 633 3244 in
655 3207 763 3261 posses·
816 3190 982 3259 figdrlieheu
1019 3191 1182 3246 Gebrauohs
1221 3193 1271 3247 des
1306 3195 1376 3247 Aus-

206 3260 284 3315 sione
318 3277 370 3315 sua
404 3265 544 3329 principes
578 3259 765 3339 retinuerunt,
817 3259 942 3336 druclis),
966 3258 1040 3312 ohne
1063 3257 1208 3339 ¹31¹&th
1227 3261 1377 3315 berdhrtet

205 3329 494 3464 erraturi
508 3327 765 3473 terune
817 3326 960 3474 tutu
982 3328 1283 3451 currulium
1312 3327 1377 3472 did

205 3479 218 3516 s
240 3461 340 3517 lendor
358 3462 468 3516 deletus
491 3462 546 3528 est,
569 3461 655 3530 idque
674 3478 707 3517 eo
724 3481 765 3517 in-
817 3461 883 3515 dien
901 3461 966 3516 sehr
983 3460 1057 3516 nahe
1075 3463 1132 3516 und
1151 3465 1278 3520 mechtet
1293 3464 1377 3518 daber

226 3530 327 3598 igniis,
347 3529 423 3597 quod
437 3546 470 3585 eo
484 3532 612 3598 tempore
629 3531 682 3584 hoc
701 3546 765 3585 eon·
817 3528 879 3583 eine
898 3529 1059 3585 ehrenvolle
1073 3531 1234 3587 Ausuchme
1253 3548 1308 3587 von
1327 3531 1377 3585 der

205 3597 286 3675 tigit²
305 3612 370 3674 oum
387 3597 411 3651 is
430 3599 505 3675 eseet
523 3599 606 3666 (eben
624 3596 676 3652 der
685 3597 764 3676 §era
816 3596 919 3676 Regel:
939 3601 953 3664 ζ
973 3603 1022 3653 toi·
1037 3597 1072 3654 δέ
1087 3619 1118 3654 τε
1137 3602 1256 3669 γείτονα
1274 3602 1377 3677 peleos

206 3663 346 3786 Sulpicius
358 3666 411 3734 -),
425 3681 475 3732 qui
487 3682 583 3720 omnes
598 3681 765 3735 superiores,
817 3618 1018 3735 (Hesiodioy.
1036 3669 1081 3736 23)
1104 3668 1174 3722 oder
1194 3669 1269 3722 inter
1291 3667 1377 3721 finiti·

206 3732 255 3854 pui
276 3749 308 3786 us
330 3732 437 3787 honore
459 3750 512 3802 par
534 3734 620 3799 esset,
648 3734 766 3788 scientia
816 3749 877 3788 mos
896 3733 976 3788 vetui
999 3734 1086 3800 atque
1109 3736 1228 3802 antique
1250 3734 1377 3789 simultas

219 3800 291 3855 ecile
314 3799 434 3856 vicisset.
453 3833 486 3842 -
504 3802 598 3869 Atque
621 3802 687 3856 huic
710 3802 765 3856 orti
817 3801 950 3870 (luvenal.
965 3800 1017 3855 XV
1027 3804 1078 3870 33).
1091 3833 1122 3842 -—
1138 3801 1196 3856 Der
1208 3801 1376 3869 allgemeine

207 3867 328 3922 finitima
362 3869 407 3922 est
436 3868 550 3924 dicendi
585 3869 706 3925 lucullus
737 3873 767 3925 et
816 3869 966 3924 husdrucli
984 3869 1114 3924 vicinitas
1132 3869 1202 3922 wird
1220 3868 1308 3922 durch
1326 3869 1377 3924 des

205 3935 315 4006 gratior
327 3936 356 3990 et
368 3937 501 3991 ornatior.
530 3935 603 4002 Quid
617 3938 691 3992 enini
710 3938 765 3993 elo·
816 3936 946 3990 Attribut
973 3936 1097 3990 finitima
1125 3936 1303 3992 bestimmter
1334 3936 1376 3991 als

206 4005 322 4072 quentia
369 4004 547 4058 recitabilius
569 4006 616 4060 vel
643 4005 766 4060 admiro-
818 4006 880 4060 eine
902 4005 957 4058 mit
978 4005 1059 4059 ihren
1077 4006 1204 4059 Grenzen
1228 4003 1307 4058 dicht
1330 4020 1377 4059 en·

205 4073 283 4151 tione
306 4020 483 4126 audientium
500 4073 546 4128 vel
567 4089 617 4142 spe
637 4073 764 4142 indigen·
817 4072 953 4126 einander
967 4072 1110 4151 stossende
1124 4072 1297 4127 bezeichnet.
1329 4073 1375 4127 Or.

206 4141 279 4194 tium
296 4140 341 4194 vel
359 4154 469 4208 eorum,
492 4142 541 4210 qui
559 4139 667 4195 defensi
690 4142 764 4206 sunt,
819 4145 866 4194 113
884 4140 954 4195 Esse
972 4141 1060 4209 igitur
1071 4140 1197 4209 perlecto
1216 4140 1260 4194 elo
1282 4140 1375 4195 uentis

206 4208 319 4277 gratie?
365 4207 438 4263 Huic
467 4224 536 4263 ero
566 4224 584 4263 a
611 4208 765 4263 maioribus
837 4211 896 4275 uto,
919 4225 977 4264 uon
995 4224 1058 4262 eam
1080 4209 1192 4261 tentum
1209 4158 1376 4264 faeditatem

205 4275 311 4330 nostris
322 4279 365 4331 est
381 4277 410 4330 in
422 4227 651 4348 topadignitutis
662 4276 764 4345 princi·
816 4225 930 4343 habere,
969 4292 1022 4332 nae
1040 4275 1078 4354 sit
1092 4276 1150 4331 eius
1167 4277 1375 4357 propriezufuse

206 4346 290 4412 pctus
308 4343 399 4400 datus.
816 4344 933 4412 lateque
964 4343 1070 4410 mendi,
1089 4344 1239 4400 sedetiam
1254 4347 1375 4400 vicinam
