3050 4848
515 241 661 298 errores
680 249 723 312 aa,
744 249 801 303 raa.
821 249 879 305 raa.
899 251 956 305 rar.
1260 252 1321 318 103

147 401 211 480 tur,
228 397 331 483 loqui3
355 398 426 482 quis
440 397 613 463 Aristotele
627 397 805 478 nervosior,
822 396 1046 483 Theophrasto
1062 400 1207 469 dulcior?
1229 402 1321 468 leoti-

146 484 265 549 tavisre
286 483 453 548 Platonem
481 483 639 566 studiose,
667 481 825 547 audivisse
854 483 951 547 etiam
978 483 1214 552 Demosthenes
1242 488 1320 554 dici·

147 571 211 650 tur,
232 605 274 615 —
296 567 392 652 idque
415 570 550 652 apparet
572 587 750 650 exgenere
772 570 805 631 et
825 568 1010 652 granditate
1032 572 1219 658 verborum3
1242 573 1321 638 dicit

148 653 245 717 etiam
271 653 306 717 in
333 653 469 737 quadam
498 652 635 735 epistula
661 651 724 715 hoc
750 651 820 736 ipse
849 653 887 716 de
916 675 984 719 sese
1012 693 1053 702 -
1083 656 1139 722 aed
1167 660 1199 722 et
1225 658 1320 734 huius

120 738 250 803 coratio
273 739 309 801 in
330 735 569 822 philosophiam
591 736 749 801 translata
769 738 960 822 pugnacior,
990 742 1027 804 ut
1053 741 1099 806 ita
1126 740 1246 822 dicam,
1274 743 1320 808 vi-

147 824 240 888 detur
261 825 295 887 et
316 823 444 887 illorum
466 823 501 885 in
523 820 641 885 iudicia
661 821 816 904 pacatior.
860 821 956 889 Nunc
982 824 1177 909 reliquorum
1200 828 1360 896 orato-32
1374 841 1422 891 122

147 929 220 973 rum
242 909 378 989 aetates,
402 907 430 971 ai
451 906 573 990 placet,
596 910 629 970 et
650 905 770 988 gradus
791 927 1030 992 persequemur.

175 1030 179 1036 ·
232 991 338 1057 Nobis
361 1011 448 1074 vero,
470 992 576 1075 inquit
590 993 755 1075 Armeno,
780 995 813 1055 et
827 992 1034 1059 vehementer
1048 995 1188 1081 quidem,
1212 1001 1250 1063 ut
1262 1020 1321 1083 pro

149 1075 254 1142 Bruto
277 1077 374 1141 etiem
396 1076 617 1160 respondeam.

111 1179 137 1217 ro
236 1159 334 1226 Curio
356 1161 418 1225 fuit
438 1163 540 1246 igitur
561 1159 702 1224 eiusdem
724 1161 838 1226 aetatis
859 1161 927 1226 fere
949 1185 1029 1228 sane
1051 1164 1185 1230 illustris
1200 1170 1321 1247 orator,

150 1245 239 1310 cuius
255 1245 294 1310 de
309 1245 440 1330 ingenio
455 1268 494 1310 ex
511 1245 711 1311 orationibus
727 1245 794 1309 eius
810 1245 988 1312 existimari
1003 1253 1128 1333 potest:
1144 1255 1220 1315 sunt
1234 1253 1321 1316 enim

150 1333 182 1394 et
193 1329 285 1394 'aliae
307 1334 341 1396 et
360 1352 419 1415 pro
434 1329 501 1396 Ser.
516 1329 631 1395 Fulvio
655 1330 694 1394 de
715 1329 842 1395 incestu
856 1331 974 1397 nobilis
990 1336 1104 1399 oratio.
1133 1335 1235 1400 Nobis
1252 1339 1321 1421 qui-

150 1415 222 1478 dem
243 1416 350 1498 pueris
372 1417 450 1480 haec
473 1415 617 1480 omnium
637 1415 761 1499 optima
781 1417 965 1501 putabatur,
989 1439 1070 1502 quse
1085 1420 1139 1484 rix
1154 1421 1219 1485 ianr
1235 1443 1320 1486 com·
1393 1487 1396 1493 ,

151 1501 243 1583 paret
263 1500 298 1564 in
320 1501 382 1565 hac
403 1500 500 1565 turba
521 1520 680 1564 novorum
702 1499 910 1566 voluminum.

110 1599 136 1638 15
233 1582 419 1667 Praeclare,
443 1584 551 1669 inquit
572 1585 728 1666 BRUTUS,
756 1588 850 1650 teneo
880 1587 935 1670 qui
957 1587 1052 1652 istam
1079 1591 1208 1655 turbam
1233 1593 1387 1657 volu-123

147 1669 271 1733 minum
294 1669 443 1734 effecerit.

231 1754 276 1818 Et
297 1775 368 1838 epo:
391 1752 507 1819 Intelle
531 1773 559 1837 o,
580 1753 723 1836 inquam,
746 1752 859 1839 Brute,
882 1776 977 1838 quem
999 1755 1103 1842 dicas3
1127 1762 1212 1824 certe
1235 1761 1322 1824 enim

149 1841 182 1903 et
200 1837 278 1903 boni
298 1838 422 1923 aliquid
442 1841 492 1904 att
528 1839 609 1902 ‘mus
623 1839 793 1918 iuventuti,
816 1840 1076 1923 magnificentius
1099 1864 1194 1926 quam
1214 1844 1322 1910 fuerat

149 1943 252 2007 genus
275 1922 404 1988 dicendi
425 1927 458 1988 et
480 1923 639 2006 ornatius;
669 1925 702 1987 et
722 1924 895 1989 nocuimus
917 1925 1067 2006 fortasse,
1092 1927 1175 2011 quod
1197 1934 1321 1995 veteres

107 2023 136 2062 20
150 2010 313 2073 orationes
335 2011 411 2093 post
431 2011 570 2106 nostras,
592 2028 660 2106 non
682 2029 701 2072 a
723 2029 774 2072 me
790 2008 918 2105 quidem
936 2011 1028 2092 (meis
1044 2011 1130 2075 enim
1144 2012 1218 2077 illas
1233 2017 1322 2079 ante-

149 2092 1096 2263 ponollleshirrrieildirtsrtldttitteihshlhtritldirldieduamquam
1122 2180 1213 2246 video
1241 2182 1321 2247 mihi

148 2261 250 2327 multe
271 2262 409 2348 legenda
431 2263 497 2326 iam
518 2266 551 2327 te
573 2266 718 2341 auctore,
742 2283 824 2346 quae
847 2266 944 2328 antea
966 2265 1220 2331 contemnebam.

233 2349 334 2429 Atqui
356 2347 446 2430 haec,
468 2349 612 2430 inquom,
636 2346 674 2411 de
696 2349 821 2412 incestu
844 2347 975 2412 laudata
996 2350 1099 2415 oratio
1119 2351 1252 2435 puerilis
1275 2355 1325 2417 est
1340 2363 1390 2414 124
1506 2401 1507 2410 ,

148 2549 211 2604 hier
249 2550 298 2604 eht
318 2549 378 2604 dies
399 2565 500 2626 wegen
523 2548 573 2604 des
595 2565 710 2604 rorans·
761 2550 829 2604 note
850 2567 884 2603 au
902 2550 1089 2619 respondeam
1116 2569 1150 2606 au
1173 2554 1320 2610 streichen.

147 2566 300 2688 gestehten
318 2618 413 2671 Iovem
430 2616 510 2670 mcht
527 2633 570 2670 an.
761 2616 846 2672 Diese
870 2618 1061 2673 ermddenden
1083 2619 1254 2676 Notbehelfe
1276 2623 1323 2677 fur

181 2691 206 2740 3.
230 2701 264 2742 ca
281 2701 378 2756 amere
395 2684 503 2738 sowohl
520 2701 571 2738 aus
589 2684 641 2738 der
658 2685 710 2740 all-
762 2684 812 2739 das
832 2685 1014 2740 Verst'andnis
1031 2687 1120 2742 fallen
1138 2689 1233 2744 hesser
1250 2706 1292 2744 we
1315 2730 1322 2757 ‚

145 2754 298 2822 gemeinon
306 2751 708 2830 BescheffonheitderWorte‚
759 2767 843 2807 wenn
861 2753 934 2809 ohne
953 2754 993 2808 sie
1006 2754 1093 2809 sehon
1105 2758 1156 2810 das
1168 2707 1321 2812 Veterani-

146 2822 189 2876 als
211 2820 385 2876 nementlrch
407 2820 459 2874 der
480 2820 626 2889 granditas
646 2837 709 2876 rer·
760 2821 804 2874 nis
820 2821 867 2874 fiir
889 2822 944 2876 den
961 2821 1205 2892 Zuaammenhang
1226 2824 1263 2878 de
1284 2825 1322 2879 ist

105 2935 107 2938 ,
145 2889 255 2944 borum.
761 2888 819 2943 und
845 2904 927 2943 wenn
956 2889 1002 2942 die
1031 2889 1106 2944 volle
1135 2891 1323 2946 handachrift·

181 2963 207 3011 4.
220 2959 253 3012 ta
263 2955 386 3026 wedam
395 2955 558 3034 epistulo-
572 2955 623 3009 der
632 2954 711 3010 nicht
760 2955 833 3033 liehe
864 2955 1010 3011 Auroriret
1037 2956 1123 3010 ihnen
1150 2958 1235 3026 fehlt,
1268 2961 1322 3014 wie

146 3025 230 3080 mehr
253 3023 382 3079 erhalten
403 3025 441 3077 rst
467 3025 510 3092 (-
532 3022 572 3076 im
599 3024 711 3078 fiinften
761 3023 832 3080 hier.
860 3023 925 3090 Vgl.
945 3029 1002 3081 133.

148 3093 200 3146 der
223 3093 288 3148 dem
306 3091 510 3145 Demosthenes
528 3090 711 3159 beigelegten
797 3096 836 3146 15.
858 3091 941 3146 irtam
958 3091 1068 3148 aeram
1089 3091 1142 3145 wie
1161 3091 1257 3148 Cicero
1275 3092 1322 3150 Or.

145 3161 240 3216 Briefe
262 3160 302 3213 ist
326 3176 380 3211 nur
401 3157 529 3212 indirekt
552 3159 597 3212 die
620 3159 710 3213 Aner-
763 3164 812 3212 108
830 3174 886 3213 von
904 3158 962 3213 sich
984 3157 1074 3212 selbot
1096 3161 1216 3214 tussert:
1238 3177 1321 3216 nemo

145 3229 284 3297 kennung
308 3226 359 3280 der
377 3226 477 3280 Grtlse
495 3226 591 3280 Plator
611 3241 711 3295 euage-
763 3225 837 3280 enim
849 3226 1015 3280 oratoriam
1025 3227 1115 3280 multa
1126 3243 1162 3282 ne
1174 3227 1321 3284 inGraeco

146 3296 319 3363 drfiokt-l.
347 3293 472 3364 Mdglich
489 3293 631 3363 librigena
650 3295 711 3348 dass
763 3293 878 3359 quidem
897 3293 954 3348 otio
976 3294 1102 3364 scripsit,
1126 3311 1210 3364 quem
1232 3297 1323 3351 multe

148 3364 196 3419 die
214 3362 321 3426 Briefe,
341 3361 386 3416 die
406 3361 502 3417 Cicero
524 3362 580 3429 las,
604 3362 711 3416 auden
762 3363 828 3415 sunt
844 3361 948 3416 nostra.

147 3429 711 3499 vielenuntergeachobenenBriefenge·
798 3435 837 3486 18.
861 3429 1083 3499 mgniltccata'ca
1101 3461 1133 3472 -·
1150 3431 1244 3486 Durch
1268 3431 1323 3487 den

146 3498 312 3565 hortemdie
323 3497 432 3552 damals
444 3497 597 3552 verbreitet
607 3513 710 3552 waren.
762 3496 956 3552 oratorischen
982 3497 1070 3552 Glanz
1098 3499 1156 3554 und
1181 3498 1322 3554 Schmuclr

183 3573 211 3622 5.
226 3565 383 3687 perperim
400 3563 467 3619 weil
484 3565 525 3619 sie
538 3565 597 3619 sich
609 3565 638 3618 in
650 3565 710 3620 acie
762 3563 812 3618 der
825 3563 1008 3634 Darstellung
1026 3564 1159 3623 aeichnen
1173 3567 1232 3622 sich
1251 3568 1323 3623 eben

145 3638 262 3758 illicitam
292 3634 507 3779 (sedletletonim
538 3700 710 3768 Aristotelis,
762 3715 801 3753 or.
820 3699 834 3752 Ι
852 3702 980 3778 eldeum
997 3702 1170 3771 statuebam)
1190 3705 1233 3756 elo
1255 3719 1322 3758 uen-

145 3769 334 3841 Theophrastr
356 3768 600 3837 phrlosophorum)
625 3783 710 3835 paco-
760 3767 828 3830 tem,
848 3784 897 3835 qur
914 3768 1071 3822 mirabilius
1094 3772 1124 3825 et
1141 3771 1236 3839 magn'
1259 3787 1321 3825 cen·

144 3840 212 3907 tior,
234 3837 299 3893 weil
321 3836 361 3890 sie
383 3853 438 3890 nur
459 3836 489 3889 in
512 3836 562 3890 der
582 3837 710 3892 Paltatre
760 3833 818 3888 tius
844 3850 881 3888 au
903 3851 949 3890 ere
979 3841 1077 3903 posset
1105 3841 1191 3904 atque
1222 3852 1321 3893 ornare

146 3907 187 3976 (in
207 3905 314 3974 schola)
333 3903 453 3959 austritt
761 3917 835 3970 quae
853 3851 950 3960 vellet.

181 3981 206 4033 8.
223 3973 302 4028 cobis
313 3989 351 4028 sc.
363 3971 467 4041 placet.
481 3971 568 4028 Acad.
582 3971 638 4027 133
650 3971 709 4026 Nos
795 3976 836 4028 23.
858 3970 917 4025 iam
933 3971 1086 4039 nunmehr,
1105 3972 1280 4028 demntchst.

145 4058 215 4098 rero
233 4040 371 4106 volumus,
391 4041 424 4093 ut
439 4054 491 4108 pro
509 4039 605 4094 Attico
623 4039 710 4107 etiarn
795 4044 836 4093 24.
857 4039 947 4106 Atqui
958 4038 1037 4093 fiihrt
1052 4039 1127 4092 nach
1145 4040 1195 4094 der
1213 4039 1321 4094 heil'au-

144 4108 356 4190 respondeam.
367 4107 402 4161 de
421 4123 461 4161 or.
480 4107 567 4186 1127,
587 4112 629 4162 31.
761 4106 836 4185 figen
854 4106 1173 4227 Zwischenbemerkunp
1191 4108 1256 4175 (von
1273 4122 1321 4161 no·

144 4174 710 4310 ..rell.t?ttt2f.²ll¹..t¹.t⁰ttr
761 4173 1323 4311 terrereris).emeher

142 4313 234 4370 leioht
253 4313 292 4366 ist
317 4311 401 4366 somit
417 4312 527 4366 Atticus
556 4312 596 4366 als
618 4311 712 4366 Rend-
763 4308 874 4380 oratio).

439 3641 484 3685 ‘zu
512 3631 706 3712 kriegerisch’;
762 3631 873 3687 Ciceros
895 3632 994 3687 Reden
1020 3634 1173 3690 besonders
1198 3653 1256 3690 aus.
1286 3636 1321 3690 de
